1967 3105
958 209 1020 262 ‘22

279 337 390 392 gisse
440 336 643 392 capitibus
668 339 767 381 -sibi
817 339 1026 382 obversis?
1057 339 1184 382 Recte
1239 336 1441 382 Frankius
1471 339 1583 391 dicit,
1614 340 1709 386 illos

280 422 440 461 versus,
473 410 623 466 quibus
653 411 729 455 hoc
759 413 1032 458 commentum
1072 412 1366 463 contineretur,
1396 412 1457 456 ita
1499 424 1711 470 compara-

278 485 345 526 tos
376 495 491 534 esse,
522 486 571 527 ut
600 483 652 528 ab
687 497 735 528 eo
783 486 905 540 poeta
945 485 1010 527 oui
1057 486 1261 540 reliquum
1311 496 1473 528 carmen
1502 485 1710 539 debemus.

194 581 197 585 ·
281 568 361 599 nou
391 558 554 612 possint
597 558 740 614 scripti
789 571 893 601 esse.
955 558 1036 602 Sed
1086 558 1189 601 nihil
1239 558 1471 601 offensionis
1517 560 1712 614 praebere

283 628 409 673 verba
437 625 554 684 ,,ἰ’χνι’
583 626 896 687 ἀποστρέψας,“
909 644 1038 686 neque
1069 631 1231 675 omnino
1260 632 1394 675 totum
1413 630 1533 674 illum
1551 644 1713 676 versum

283 701 322 744 ei
352 715 432 746 non
463 703 650 748 concedo.
709 705 967 747 Hermannus
990 704 1154 758 quidem
1174 702 1276 747 haec
1304 704 1429 747 verba
1458 703 1586 747 allato
1620 717 1714 748 ver-„-

286 788 335 817 su
363 788 411 818 ex
441 777 563 819 Hom.
595 777 700 821 Iliad
728 792 771 830 χ,
809 779 886 820 197
912 779 978 824 ,εἰσ
1019 777 1259 833 explicavit,
1309 778 1357 819 ut
1383 776 1612 820 Mercurius
1640 778 1715 821 bo-

285 860 357 891 ves
388 848 468 892 huc
500 849 600 892 illuc
630 863 703 905 per
727 863 898 893 arenam
929 849 1060 905 egerit
1105 850 1264 905 aversis·
1308 849 1497 906 vestigiis
1546 849 1573 892 i.
1604 861 1638 893 e.
1669 852 1738 902 utx

285 921 465 976 vestigia
494 922 574 965 alio
605 922 751 967 ducere
780 923 1015 966 viderentur
1031 956 1041 974 ,
1073 916 1196 978 quani
1225 935 1305 977 quo
1335 923 1472 966 boves
1507 912 1715 973 abiissent}

235 990 250 998 χ
285 1005 389 1046 quae
427 1007 521 1038 vero
560 996 842 1053 interpret-atio
890 995 990 1040 mihi
1040 1009 1119 1039 non
1168 995 1389 1046 dubitanti,
1439 996 1537 1051 quin
1565 996 1718 1050 Apollo

285 1067 473 1120 quamvis
503 1068 691 1111 maximis
721 1068 959 1125 ambagibus
988 1069 1113 1112 boves
1144 1069 1311 1112 abactae
1341 1069 1448 1120 sint,
1478 1069 1615 1111 tamen
1646 1081 1727 1111 ve·-

284 1138 409 1195 stigia
429 1140 552 1184 boum
573 1142 794 1185 errantium
815 1142 866 1185 ad
895 1141 1034 1186 finem,
1051 1154 1180 1197 usque
1202 1143 1388 1199 persequi
1406 1141 1602 1197 potuerit,
1623 1151 1715 1187 non,
1750 1134 1761 1139 χ
1841 1140 1844 1145 ’

290 1212 392 1255 satis
422 1214 533 1256 facit.
592 1214 823 1257 Mercurius
851 1228 931 1258 non
961 1215 1114 1258 furtum
1155 1215 1388 1270 Apollinem
1424 1216 1556 1258 celare
1585 1213 1722 1268 potest
1796 1253 1805 1256 -

290 1287 362 1328 sed
392 1286 555 1337 furem;
583 1288 722 1342 itaque
753 1289 922 1331 sandala
951 1288 1102 1337 induit,
1135 1302 1184 1330 ne
1214 1301 1316 1342 quae
1346 1287 1494 1341 pedum
1547 1285 1721 1340 vestigia

293 1358 508 1413 relinquat.
566 1360 871 1403 Animadvertit
900 1373 993 1403 eum
1021 1372 1146 1416 prope
1177 1360 1427 1403 Onchestum
1477 1371 1596 1402 senex
1643 1358 1720 1400 bo-

289 1441 359 1472 ves
404 1427 835 1488 .,,«ἓπτιο-ιγροφοὶὅην“*(ῐι.μ
861 1433 961 1487 210)
1000 1433 1263 1488 -abigentemz
1302 1432 1402 1474 deus
1453 1432 1491 1474 ei
1528 1430 1719 1480 minatur,

293 1515 341 1545 ne
373 1516 476 1558 quae
506 1504 656 1547 viderit
686 1505 872 1559 cuiquam
920 1504 1086 1558 prodat;
1119 1506 1173 1558 (v.
1205 1505 1289 1559 9⁶2).
1331 1503 1596 1560 'Apollinem
1626 1513 1720 1544 vero

208 1595 211 1598 ·
291 1575 423 1619 bubus
472 1578 698 1620 retrorsum
747 1577 813 1620 vel
863 1577 971 1620 ultro
1002 1578 1184 1632 citroque
1223 1576 1379 1620 abactis
1409 1576 1522 1620 recta
1543 1576 1610 1618 via
1638 1587 1718 1617 non

292 1649 524 1700 deerrasse,
555 1651 636 1693 iam
667 1663 715 1693 ex
745 1663 792 1694 eo
823 1651 1012 1707 apparet,
1044 1650 1150 1706 quod
1167 1681 1178 1700 ,
1211 1661 1455 1705 quamquam
1484 1660 1563 1691 non
1588 1660 1719 1703 augu-

293 1725 407 1765 ratus
423 1755 434 1772 ,
469 1724 637 1767 eandem
667 1737 716 1767 ac
745 1724 974 1767 Mercurius
1020 1725 1128 1767 viam
1175 1723 1422 1778 ingreditur,
1469 1723 1511 1766 et
1553 1735 1578 1765 a
1621 1734 1719 1764 sene

294 1794 514 1838 Onchestio
535 1796 684 1839 certior
710 1796 775 1847 fit,
806 1809 976 1853 puerum
1008 1797 1197 1839 baculum
1215 1808 1345 1838 manu
1365 1796 1576 1838 tenentum
1597 1794 1722 1835 boves

292 1865 651 1924 „btmpocpoidqv‘f
681 1865 881 1924 abegisse.
940 1869 1177 1924 Auguratus
1204 1869 1353 1923 Apollo
1383 1868 1551 1911 fratrem
1595 1868 1722 1909 fuisse
1804 1894 1805 1897 =

195 1933 199 1942 ‘
279 1940 429 2000 ¹fure-m
458 1942 667 1998 comperit.
728 1941 835 1995 Quid
864 1941 992 1997 igitur
1021 1941 1268 1985 Mercurium
1297 1940 1447 1983 iuverit
1465 1940 1588 1984 bores
1617 1940 1724 1981 retro

301 2014 448 2055 ducere
475 2007 568 2055 non'
583 2015 843 2069 perspicuum
875 2017 961 2064 est;
993 2015 1143 2057 etenim
1176 2014 1360 2069 Apollini
1415 2013 1537 2055 boum
1573 2013 1724 2054 furtum

298 2086 559 2130 manifestum
588 2086 675 2130 fieri
701 2099 774 2144 per
799 2100 842 2131 se
873 2088 1022 2142 liquet;
1053 2087 1151 2143 quid
1181 2075 1290 2142 tuno
1307 2084 1468 2128 facilius
1509 2088 1572 2128 est
1606 2096 1727 2139 quam

296 2160 473 2213 vestigia
517 2161 639 2202 boum
683 2161 808 2202 etiam
855 2161 966 2202 retro
1012 2161 1245 2202 cedentium
1291 2160 1502 2212 reperire?
1528 2159 1658 2200 Dolus
1704 2169 1728 2198 a

297 2232 503 2275 Mercurio
541 2232 673 2276 factus
710 2245 790 2276 nou
833 2226 1088 2285 necessarius
1130 2232 1310 2282 videtum
1338 2231 1439 2274 satis
1470 2232 1557 2274 erat
1606 2230 1727 2272 boves

297 2306 411 2347 recta
440 2306 506 2346 via
536 2305 587 2347 ad
606 2305 823 2360 xAlpheum
867 2306 1053 2362 abegisse
1097 2317 1248 2359 suaque
1292 2304 1421 2357 ipsius
1459 2303 1657 2356 vestigia..
1683 2301 1727 2341 ut

298 2377 413 2430 fecit,
446 2378 680 2422 detersisse.
742 2378 873 2433 (Conf.
901 2391 939 2421 v.
972 2380 1053 2422 222
1084 2379 1127 2421 et
1149 2376 1253 2434 2233

506 2500 666 2546 ,βήματα
690 2498 783 2536 δό”υτ’
804 2492 927 2545 ἅνδρός
948 2497 1029 2536 τόδε
1051 2504 1178 2546 γίνεται
1200 2498 1276 2535 οὔτε
1299 2500 1453 2545 remacle

510 2555 595 2591 Οὔτε
619 2547 727 2591 λῧκων
748 2550 879 2592 πὸλιῶν
902 2555 976 2591 οὔτ’
998 2555 1130 2601 ἄρκτων
1151 2554 1228 2590 οὔτε
1251 2555 1428 2595 lebnam?

360 2699 363 2703 «
400 2675 402 2677 ’
426 2669 544 2713 ,Tota
571 2667 647 2712 illa
671 2637 851 2713 narratio
879 2668 982 2714 mihi
1020 2668 1139 2712 valde
1176 2667 1365 2724 suspecta
1403 2667 1590 2716 videtum
1621 2665 1730 2711 attau-

305 2755 396 2787 meu
428 2743 526 2798 quin
554 2743 661 2787 hunc
676 2743 826 2786 -locum
857 2741 1116 2789 subditicium
1147 2741 1318 2784 habeam
1348 2752 1374 2783 a
1407 2751 1473 2782 me
1514 2737 1732 2797 impetrare

1196 2882 1238 2890 ’-
