1967 3105
937 188 996 234 19

256 325 352 369 bere
399 321 648 378 aggreditur.
690 320 911 375 postquam
949 320 1089 373 paucis
1145 317 1342 370 versibus,
1386 319 1676 373 parentheseos

258 398 373 454 siguo
409 393 664 438 includendis
704 392 758 448 (v.
800 395 868 436 26.
905 388 931 447 ἢ
965 390 1020 447 ρά
1054 389 1094 433 οἱ
1127 403 1254 446 usque
1293 391 1346 434 ad
1376 404 1412 434 v.
1444 393 1516 435 28:
1546 393 1678 435 σαῦλα

257 470 380 512 ποσὶν
401 466 615 522 βαίνουσα)
635 467 705 508 ubi
719 465 947 509 Mercurius
977 464 1227 507 testudinem
1256 465 1458 507 invenerit
1486 467 1677 509 narravit.

391 540 565 584 Versum
595 539 648 582 35
681 537 960 582 Groddeckius
999 537 1115 580 textu
1151 536 1326 584 removit
1356 537 1513 581 scilicet
1546 541 1680 582 ortum

247 602 280 657 'e
307 614 418 656 mala
445 611 801 667 grammaticorum
832 611 875 652 in
906 610 1111 652 variandis
1141 602 1353 663 poetarum
1375 612 1589 653 sententiis
1610 625 1678 654 se-

257 686 449 733 dulitate.
490 676 691 727 rationem
729 683 883 726 habens
919 695 1061 725 versus
1102 683 1201 724 30:—
1238 673 1466 735 ,,σύμβολον
1498 679 1574 739 ἤδη
1606 697 1681 737 μοι

255 753 347 813 μέγ’
377 752 592 813 ὀνήσιμονιι
622 757 665 798 et
700 767 805 798 vers.
836 757 913 798 34:
963 752 1037 809 „mi
1067 752 1113 795 δέ
1139 768 1192 807 με
1221 753 1457 809 πρώτιστον
1486 750 1678 810 ὄνήοτις.“

260 830 343 875 Sed
371 819 447 873 hoc
475 829 564 885 ipso
594 829 683 872 loco
713 827 971 883 aptissimum
1000 827 1103 870 mihi
1138 827 1300 869 videtur
1338 839 1459 882 quam
1494 828 1680 882 plurimis

259 903 394 946 verbis
425 895 872 957 quantam'utilitatem
902 900 1130 942 Mercurius
1162 912 1208 941 ex
1239 900 1402 942 inventa
1449 900 1538 955 lyra
1584 901 1680 955 per-

260 977 451 1030 cepturus
480 974 537 1035 sit
565 974 800 1028 exprimere.
860 973 1044 1015 Ceterum
1077 972 1259 1015 codicum
1291 972 1411 1015 lectio
1436 969 1548 1026 ,ρι’-δ’
1572 969 1681 1016 ἄπο-

258 1047 442 1104 τιμήσω“
470 1048 556 1090 sine
586 1046 708 1089 dubio
743 1046 849 1089 falsa
884 1045 926 1088 et
964 1044 1152 1100 corrupta
1186 1045 1265 1095 est;
1305 1046 1537 1101 postulatur
1570 1046 1682 1090 notio

265 1120 500 1174 spernendi,
532 1133 612 1162 non
642 1119 912 1170 aestimandi*
935 1121 977 1160 et
1006 1129 1233 1173 quanquam
1264 1131 1342 1161 uno
1373 1119 1575 1182 locor(sed
1604 1132 1684 1162 uno

259 1194 440 1235 tantum!
471 1193 513 1234 in
543 1191 779 1235 Callimach.
817 1191 961 1245 fragm.
999 1183 1171 1243 103‚'4)
1202 1186 1411 1244 ἇπότιμος
1457 1192 1565 1235 idem
1615 1195 1680 1235 est

260 1266 383 1318 atque
421 1261 600 1318 ι’ἱτιμος,.,
645 1264 883 1319 plerumque
928 1265 1065 1304 tamen
1109 1263 1213 1304 illud
1264 1265 1429 1306 verbum
1480 1263 1685 1324 significat

258 1338 502 1386 aestimare,
534 1349 612 1391 qua
642 1337 692 1378 de
722 1349 846 1378 causa
873 1348 954 1377 non
984 1334 1125 1377 dubito
1156 1322 1462 1379 Commutationi
1490 1349 1589 1379 sane
1620 1338 1682 1379 fa-

257 1409 325 1451 cili
369 1410 568 1464 aptaeque
617 1408 658 1450 in
703 1401 1009 1462 „iinaumffow‘t
1053 1408 1258 1450 assentiri.
1318 1409 1501 1463 Ilgenius
1546 1410 1683 1451 autem

257 1481 423 1523 ultimas
451 1493 610 1535 quoque
641 1482 753 1523 verbi
782 1480 942 1522 litteras
972 1481 1167 1531 mutav1t2
1200 1483 1246 1522 ut
1285 1481 1359 1523 adi
1377 1478 1544 1536 ὄφελος,
1576 1482 1683 1535 quod

257 1554 397 1596 statim
419 1554 644 1609 praecedit,
661 1553 801 1606 referri
821 1554 981 1607 posset,
1005 1555 1047 1596 et
1068 1554 1233 1608 scripsit
1252 1548 1364 1608 „odd'
1383 1549 1682 1611 ἇπὰτὶμητον,“

256 1627 350 1679 quia
379 1638 480 1681 quae
511 1629 736 1680 sequuntur
764 1624 813 1667 σύ
843 1625 889 1667 δέ
915 1639 967 1679 με
1002 1624 1235 1681 πρώτιστον
1261 1622 1417 1681 ὀνήσεις
1454 1627 1681 1671 necessario

255 1700 350 1740 ante
381 1710 424 1740 se
452 1700 665 1753 requirunt
694 1699 899 1754 quidpiam
915 1731 926 1750 ,
959 1699 1063 1752 quod
1101 1712 1179 1741 non
1226 1700 1310 1742 tam
1341 1700 1384 1741 in
1431 1700 1679 1742 testudinem

254 1769 387 1825 ipsam
402 1771 537 1821 cadat,
567 1783 688 1827 quam
702 1771 812 1817 inid(
834 1771 941 1826 quod
961 1761 1162 1813 Mercurio
1184 1783 1272 1813 esse
1293 1771 1457 1813 debet.“
1515 1771 1575 1813 At
1593 1774 1679 1814 tam

255 1843 490 1886 concinnum
511 1856 738 1887 sermonem
768 1845 905 1898 potius
934 1858 958 1886 a
983 1845 1390 1898 scriptore‘prosaico
1414 1857 1534 1898 quam
1566 1845 1679 1898 epico

256 1916 555 1971 exspectamus;
586 1919 632 1960 ut
657 1929 821 1961 versum
836 1916 1081 1960 retineamus
1098 1917 1197 1960 satis
1215 1917 1279 1959 est
1295 1917 1506 1972 sciipsisse
1527 1913 1680 1960 ἄπατι·

252 1987 371 2042 μήσω
388 1989 476 2042 (cfr.
494 1990 614 2033 Hom.
646 1990 762 2033 Iliad.
784 1981 823 2040 ι),
856 1991 977 2043 113),
994 1991 1100 2044 quod
1120 1990 1228 2032 idem
1259 1991 1323 2032 est
1338 1992 1460 2044 atque
1480 1986 1678 2046 ἀτιμήσω.

388 2062 436 2103 In
466 2075 585 2105 versu
614 2065 668 2107 36
699 2064 834 2107 haesit
852 2063 1116 2114 Matthiaeus‚
1149 2062 1377 2106 Ruhnkenii
1407 2064 1679 2107 coniecturam

253 2131 356 2185 ἔχμα
385 2146 457 2189 pro
486 2134 615 2189 αἰχμά
644 2137 863 2191 recipiens,
902 2136 1047 2178 deinde
1087 2147 1182 2178 vero
1220 2148 1382 2178 versum
1421 2137 1533 2179 nullo
1562 2138 1682 2180 modo

253 2217 345 2247 cum
374 2218 454 2250 vss.
486 2208 539 2251 37
557 2211 601 2251 et
619 2210 674 2253 38
708 2210 925 2253 cohaerere
954 2209 1183 2259 contendit,
1216 2209 1302 2252 sive
1331 2210 1582 2271 generaliter
1610 2210 1684 2252 illa

259 2278 382 2321 verba
412 2281 627 2324 enunciata
656 2282 795 2325 essent
827 2283 912 2324 sive
942 2282 994 2325 ad
1023 2294 1110 2324 rem
1139 2283 1399 2336 praesentem
1420 2283 1611 2326 restricta
1641 2284 1684 2326 et

206 2383 213 2392 .
252 2350 302 2392 de
321 2346 526 2395 testudine
564 2354 675 2396 dicta
717 2355 860 2397 Eiecto
891 2355 1019 2409 igitur
1029 2356 1104 2397 hoc
1119 2367 1237 2398 versu
1254 2368 1415 2398 sensum
1435 2356 1514 2398 loci
1534 2356 1593 2398 ita
1609 2369 1678 2398 ex-

251 2421 380 2465 hibet:
411 2425 501 2479 Age
518 2437 614 2468 vero
631 2427 672 2468 in
693 2426 859 2470 domum
879 2427 921 2469 te
952 2427 1170 2480 asportabo
1201 2429 1243 2470 et
1272 2428 1313 2469 in
1334 2440 1430 2470 usus
1447 2440 1558 2470 meos
1580 2441 1678 2470 con-

252 2495 407 2538 vertam
423 2496 479 2549 (v.
504 2500 570 2541 34.
592 2499 698 2553 35.);
729 2500 933 2554 duplicem
950 2499 1058 2542 enim
1084 2500 1147 2542 tui
1167 2513 1287 2543 usum
1317 2499 1447 2550 video,
1464 2513 1558 2543 uam
1587 2501 1681 2544 viva

254 2566 594 2614 incantationibus
624 2573 808 2615 arcendis
837 2561 1055 2624 inservles,
1067 2573 1094 2627 ¹)
1126 2575 1169 2616 at
1190 2574 1350 2617 mortua
1370 2572 1423 2616 ad
1452 2574 1678 2618 canendum

389 2725 412 2770 ¹)
438 2726 507 2761 Csr.
534 2727 624 2763 Plin.
644 2729 687 2764 Η.
714 2724 925 2765 quxxll.
950 2731 1012 2771 4‚i
1036 2713 1292 2772 „Terrestriu'm
1323 2729 1537 2764 testudinum
1562 2740 1682 2765 carnes

1384 2787 1404 2819 2
