1967 3105
979 238 1036 284 12

295 370 392 412 Iove
424 369 504 412 sibi
543 368 623 425 ipsi
672 368 828 420 datam,
879 381 1008 424 neque
1050 369 1211 412 omnino
1243 369 1382 424 magni
1417 361 1723 418 aestimandam.

296 441 376 484 Sed
411 454 461 483 ne
511 442 741 484 futurarum
785 454 922 484 rerum
966 441 1196 495 cognitione
1237 442 1347 484 omni
1395 443 1534 486 careat
1561 444 1721 497 Thr-ias,

293 514 546 558 educatrices
573 526 669 557 suas
682 545 692 564 ,
722 513 927 564 Mercurio
957 513 1166 569 assignat,
1198 525 1300 568 quae
1328 513 1578 576 Parnassum
1603 517 1721 559 habi-
1793 566 1796 568 ,
1834 560 1838 569 ,

293 588 385 629 tant
414 588 457 628 et
483 587 519 628 si
548 587 632 629 mel
660 587 865 637 suxerint,
897 586 1077 629 futuram
1095 582 1314 629 'hominum
1343 589 1495 630 sortem
1524 589 1719 643 aperiunt.

293 659 387 702 Una
415 671 508 702 cum
544 659 680 702 Thriis
711 659 746 702 ei
791 671 931 701 curam
973 658 1116 711 boum,
1149 671 1366 715 equorum,
1396 659 1620 714 mulorum,
1653 675 1721 706 ca-

297 743 394 774 num
412 763 440 781 „
469 731 642 787 denique
681 733 953 786 ψυχαγωγίαν
988 731 1222 774 committit.
1280 731 1499 774 Amicitiae
1546 733 1720 777 vinculis

263 801 269 803 ’
298 805 407 847 inter
437 817 481 846 se
512 804 717 847 coniuncti
746 805 842 847 sunt
869 804 1019 859 Apollo
1051 804 1093 847 et
1121 804 1371 856 Mercurius;
1400 804 1468 848 hic
1486 806 1594 848 inter
1624 805 1721 850 deos
1795 824 1799 827 <

296 877 339 919 et
360 876 543 919 homines
573 877 760 920 versatus
782 877 943 920 adiutor
970 890 1100 931 neque
1127 890 1205 920 non
1231 878 1440 922 fraudator
1463 890 1539 934 per
1567 879 1718 922 noctes.

292 950 455 992 Finitur
502 951 676 1006 hymnus
736 950 921 993 clausula
977 951 1376 1006 hymnographorum
1448 950 1721 995 usitatissima

294 1023 349 1076 (v.
382 1023 497 1077 580.)
1590 1034 1593 1037 ·

429 1096 627 1138 Fabulam
659 1096 696 1139 si
726 1097 815 1150 quis
830 1097 1057 1139 accuratius
1073 1096 1383 1150 perlustraverit
1405 1097 1491 1139 tres
1506 1097 1548 1139 in
1567 1098 1719 1150 partes,

297 1169 338 1210 in
373 1169 486 1222 lyrae
525 1168 816 1219 inventionem,
859 1169 982 1211 boum
1020 1169 1173 1211 furtum
1203 1168 1245 1211 et
1270 1181 1484 1211 munerum
1513 1168 1719 1224 Apollinis

295 1240 347 1282 ad
376 1240 625 1282 Mercurium
656 1241 966 1283 translationem
1001 1240 1260 1283 dividendam
1287 1251 1376 1283 esse
1418 1253 1499 1284 non
1538 1240 1717 1296 negabit.

296 1312 471 1356 Uberius
502 1313 622 1368 poeta
659 1314 931 1356 narrationem
962 1312 1011 1355 de
1045 1313 1176 1355 bubus
1206 1312 1314 1355 furto
1354 1313 1509 1356 abactis
1548 1312 1713 1363 tractat,

293 1398 396 1439 quae
416 1387 509 1439 plus
538 1386 730 1428 carminis
752 1386 963 1429 dimidium
994 1386 1277 1441 complectitur
1307 1386 1361 1440 (v.
1393 1388 1446 1428 62
1468 1409 1510 1414 —
1533 1399 1570 1428 v.
1601 1385 1716 1440 408).

292 1458 353 1500 ita
380 1459 428 1500 ut
456 1457 543 1500 iure
573 1458 745 1511 quodam
774 1458 939 1508 dixeris,
971 1459 1132 1513 poetam
1162 1458 1323 1501 omnino
1353 1455 1432 1500 sibi
1458 1459 1717 1512 proposuisse

292 1530 398 1572 hanc
438 1531 632 1573 Mercurii
672 1531 871 1572 actionem
925 1530 1081 1572 scilicet
1124 1530 1391 1573 admiratione
1430 1530 1717 1585 dignissimam
1778 1586 1780 1589 v

294 1614 373 1644 uno
403 1603 589 1657 poemate
619 1603 844 1653 celebrare,
876 1602 1106 1644 intertextis
1137 1614 1232 1645 vero
1266 1603 1440 1656 mythis,
1468 1603 1537 1655 qui
1585 1602 1717 1645 obiter

292 1673 409 1727 quasi
444 1675 486 1717 et
515 1676 751 1718 summatim
777 1675 931 1726 totam,
964 1674 1011 1717 ut
1039 1675 1100 1717 ita
1128 1674 1279 1724 dicam,
1310 1674 1505 1717 Mercurii
1553 1675 1715 1729 mytho·

288 1746 441 1801 logiam
485 1747 883 1802 comprehenderent.
944 1746 1062 1799 Quod
1106 1747 1141 1788 si
1185 1758 1326 1789 verum
1366 1746 1492 1795 esset,
1538 1747 1714 1801 hymnus

294 1833 392 1863 sane
422 1834 445 1863 a
476 1820 644 1875 reliquis
670 1820 831 1874 hymnis
847 1819 1077 1864 Homericis
1108 1820 1228 1874 longe
1250 1819 1438 1870 distaret,
1471 1820 1618 1875 quippe
1645 1819 1715 1874 qui

289 1893 341 1936 ad
366 1905 492 1935 unum
519 1906 657 1936 omnes
696 1893 855 1936 unicam
885 1892 1046 1935 tantum
1082 1892 1147 1935 dei
1180 1892 1379 1935 actionem
1412 1892 1610 1946 singulari
1638 1903 1714 1945 po-

291 1967 425 2008 emate
473 1967 719 2020 exprimant,
772 1978 866 2008 nam
910 1968 1055 2008 natura
1105 1967 1227 2018 atque
1270 1965 1427 2007 indoles
1473 1965 1714 2019 hymnorum

286 2038 596 2086 Homer-icorum
625 2037 784 2090 positae
815 2038 910 2080 sunt
938 2037 980 2079 in
1029 2037 1260 2091 argumenti
1308 2037 1488 2088 unitate,
1537 2036 1626 2088 „ita
1653 2036 1714 2078 ¹ut

284 2111 328 2153 et
357 2123 500 2153 causas
530 2110 724 2165 cuiusque
760 2111 820 2152 rei
850 2110 1054 2164 expositas
1092 2109 1244 2152 habeas
1285 2109 1328 2150 et
1362 2109 1562 2152 actionem
1610 2107 1713 2150 inci-
1771 2107 1774 2110 ’

285 2195 406 2237 pere,
424 2195 682 2239 vprogressus
713 2194 872 2225 sumere
921 2182 962 2224 et
1006 2182 1057 2224 ad
1105 2181 1228 2224 finem
1269 2181 1436 2235 perduci
1480 2181 1595 2224 velut
1637 2180 1714 2222 sub

286 2256 416 2298 oculis
442 2257 531 2310 ipse
561 2255 645 2297 tuis
676 2254 855 2297 videas.'’
871 2254 898 2309 ¹)
933 2254 1180 2308 Interpretes
1210 2255 1258 2296 ut
1286 2253 1477 2297 carminis
1506 2252 1637 2296 nostri
1662 2252 1713 2295 ab

283 2327 376 2371 aliis
423 2328 586 2383 hymnis
622 2327 854 2370 Homericis
896 2327 1176 2370 diversitatem
1211 2327 1255 2369 et
1297 2338 1390 2368 cum
1427 2324 1713 2369 Callimacheis

282 2401 596 2444 similitudinem
625 2400 820 2444 tollerent
849 2400 1076 2456 hymnoque
1119 2399 1227 2443 inter
1265 2411 1313 2442 ea
1363 2397 1563 2449 carmina,
1609 2407 1712 2452 quae

282 2474 442 2530 proprie
471 2474 548 2516 hoc
577 2467 772 2517 vocabulo
816 2474 1095 2528 appellantur,
1123 2474 1259 2517 locum
1300 2471 1528 2521 servarent,
1574 2469 1711 2512 unita·
1762 2483 1771 2490 ·

282 2547 368 2590 tem
398 2546 470 2589 alii
507 2547 629 2590 aliter
659 2560 708 2589 ex
751 2548 989 2602 argumento
1039 2546 1222 2601 repetere
1266 2544 1531 2594 studuerunt,
1581 2554 1711 2596 neque

282 2632 627 2676 supervacaneum
657 2619 836 2668 videtur,
868 2620 910 2662 id
940 2620 1048 2673 quod
1075 2619 1140 2663 illi
1168 2620 1272 2663 hanc
1301 2619 1343 2661 in
1379 2629 1466 2660 rem
1505 2615 1709 2658 disserue-

424 2776 446 2819 ¹)
473 2774 588 2810 Verba
610 2776 690 2809 sunt
716 2774 910 2816 Mathiaeii,
934 2775 957 2811 l.
983 2776 1006 2810 l.
1032 2786 1063 2819 p.
1082 2776 1113 2810 8.
1128 2795 1168 2800 --
