1967 3105
948 236 1006 281 10

223 409 227 414 A
264 365 406 409 habita
433 365 601 409 deorum
622 379 764 409 carnes
794 366 835 408 in
865 365 1078 409 duodecim
1097 366 1237 420 partes
1267 366 1415 409 dividit
1443 368 1695 425 singulisque

263 450 380 482 suam
409 438 639 493 portionem
669 439 865 490 sacravit,
896 439 985 493 ipse
1015 451 1129 489 vero,
1175 451 1405 493 quanquam
1454 442 1694 485 suavissimo

264 511 399 554 carnis
430 511 553 554 odore
579 511 781 565 pellectus
806 524 831 553 a
849 511 1051 567 gustando
1072 523 1114 553 se
1144 510 1353 554 abstinuit.
1413 511 1525 565 Quae
1540 513 1697 568 reliqua

263 585 353 626 erat
411 596 575 627 carnem
622 583 771 638 partim
811 583 854 626 in
902 585 1018 627 antro
1062 583 1222 626 abdidit
1274 583 1426 639 partim
1486 587 1693 637 cremavit,

265 656 388 698 boum
419 656 598 710 pellibus
627 657 668 697 in
700 668 798 712 rupe
830 657 923 698 ante
954 656 1114 698 antrum
1146 656 1368 712 suspensis.
1427 657 1536 699 Hinc
1573 658 1696 700 rediit

268 729 318 772 ad
340 730 518 772 montem
532 727 725 783 Cyllenen
739 760 749 778 ‚
766 729 981 783 postquam
1004 741 1106 784 quae
1127 729 1206 771 sibi
1221 741 1270 772 ex
1281 727 1500 772 viminibus
1522 742 1694 774 connex-

265 803 384 842 uerat
413 800 690 843 calceamenta
719 800 760 842 in
789 801 993 854 Alpheum
1025 801 1174 842 deiecit
1202 803 1247 846 et
1274 802 1427 843 cineres
1459 802 1692 855 diligentis-

265 875 368 916 sime
389 874 591 916 exstinxit.'
614 897 656 902 ——
693 872 867 915 Antrum
886 873 1025 915 furtim
1055 873 1267 916 assecutus
1287 873 1426 917 fasciis
1448 886 1492 916 se
1522 874 1695 917 involvit

262 948 304 988 et
324 946 365 988 in
386 946 501 988 cunis
523 957 565 986 se
585 945 759 992 abdidit,
790 945 907 987 laeva
926 958 1048 987 manu
1063 945 1196 1000 lyram
1215 947 1369 989 tenens.
1400 948 1691 990 Revertentem

263 1021 305 1061 et
334 1018 519 1073 quamvis
549 1030 746 1071 suspenso
783 1018 883 1071 pede
932 1018 1226 1073 ingredientem
1255 1019 1367 1062 Maia
1385 1019 1691 1070 animadvertit;

261 1089 537 1134 acerbissimis
559 1090 694 1132 verbis
715 1103 882 1144 puerum
904 1089 1098 1146 increpat:
1134 1090 1213 1133 diis
1231 1091 1274 1133 et
1293 1091 1522 1133 hominibus
1536 1093 1691 1135 malum

262 1176 355 1205 eum
371 1176 460 1206 esse
481 1177 506 1205 a
526 1165 621 1205 Iove
641 1164 837 1217 genitum.
859 1164 989 1206 Filius
1018 1166 1154 1207 autem
1173 1164 1276 1206 bene
1295 1177 1339 1210 se
1360 1163 1558 1207 defendit:
1575 1164 1688 1219 quis—

263 1249 358 1280 nam
376 1236 494 1292 putet
507 1248 551 1278 se
564 1236 628 1278 vix
639 1238 778 1278 natum
795 1237 837 1278 et
862 1235 902 1277 in
924 1236 1117 1290 nequitiis
1137 1236 1315 1280 nondum
1331 1237 1594 1280 exercitatum
1606 1240 1692 1280 tam

261 1323 386 1366 grave
396 1310 554 1352 facinus
562 1309 834 1351 commisisse?
852 1309 1041 1358 Ceterum
1053 1322 1096 1352 se
1108 1322 1185 1352 non
1195 1323 1408 1365 passurum
1417 1323 1508 1353 esse
1515 1311 1690 1353 matrem
1705 1302 1707 1306 ’

260 1397 354 1426 cum
371 1383 472 1438 ipso,
491 1382 657 1426 deorum
677 1381 930 1436 praestantia
943 1394 1071 1436 paene
1088 1383 1263 1435 orbatos,
1280 1383 1322 1425 in
1338 1383 1454 1426 antro
1472 1383 1621 1433 iacere;
1645 1395 1689 1426 se

263 1455 428 1510 quidem
455 1454 499 1495 id·
513 1456 706 1508 appetere
736 1456 781 1496 ut
806 1454 967 1496 eosdem
989 1456 1110 1507 atque
1132 1454 1281 1507 Apollo
1308 1456 1477 1497 haberet
1502 1457 1687 1504 honores

261 1529 365 1571 iram
395 1527 600 1581 Apollinis
626 1539 669 1569 se
697 1529 811 1571 nauci
845 1527 1079 1577 aestimare,
1096 1528 1243 1582 quippe
1261 1540 1385 1582 quum
1401 1527 1436 1570 si
1459 1527 1536 1570 sibi
1556 1528 1689 1570 ullum

231 1599 232 1602 ’
260 1600 414 1643 malum
444 1599 630 1650 inferret,
662 1601 794 1642 maius
837 1600 877 1643 ei·
911 1602 1127 1653 paraturus
1164 1601 1283 1643 esset.
1313 1624 1371 1630 —-
1405 1602 1568 1643 ‘Prima
1598 1600 1688 1642 luce

259 1672 433 1726 Apono,
462 1672 573 1715 furto
603 1672 766 1727 cognito
784 1704 794 1723 ‚
826 1673 947 1715 boves
982 1672 1194 1727 quaesivit.
1255 1673 1322 1715 Ad
1352 1671 1602 1715 Onchestum
1646 1664 1689 1714 in

261 1758 402 1788 senem
452 1745 568 1788 illum
613 1745 795 1788 incurrit.
882 1745 1162 1798 Interrogatus
1207 1758 1305 1787 num
1353 1745 1477 1788 boves
1520 1757 1688 1799 praece·
1740 1802 1746 1804 p

240 1819 381 1861 -dente
411 1819 530 1861 tauro
560 1817 752 1868 vidisset,
791 1830 911 1860 senex
959 1818 1183 1871 loquaciter
1226 1820 1382 1869 narrat,
1430 1831 1474 1861 se
1503 1830 1686 1873 puerum,

263 1892 450 1934 baculum
481 1903 603 1934 manu
632 1891 861 1938 tenentem,
899 1891 1021 1934 boves
1057 1891 1280 1934 retrorsum
1323 1891 1553 1945 abigentem
1599 1890 1689 1933 ani-

261 1959 544 2006 madvertisse.
604 1963 754 2017 Apollo
799 1963 935 2016 aquila
982 1977 1054 2018 per
1090 1976 1185 2005 aera
1227 1960 1504 2005 trffisvolante
1540 1963 1688 2005 'statim

263 2037 514 2091 suspicatur,
545 2036 792 2078 Mercurium
824 2036 981 2079 vafrum
1011 2036 1135 2078 fuisse
1172 2036 1315 2078 furem.
1376 2037 1586 2090 Purpurea
1615 2046 1688 2076 ne·

262 2109 360 2151 bula
390 2109 604 2164 coopertus
625 2108 773 2162 Pylum
800 2108 1042 2163 ingreditur,
1073 2108 1116 2149 in
1144 2108 1290 2150 itinere
1320 2108 1435 2162 pueri
1466 2107 1689 2149 admiratus
1755 2102 1765 2107 “

260 2166 501 2231 artificium,
535 2180 684 2236 quippe
714 2180 783 2235 qui
813 2179 1004 2235 vestigia,
1037 2182 1233 2235 quantum
1267 2180 1356 2231 fieri
1392 2179 1544 2235 potuit,
1577 2178 1690 2221 delc-

262 2253 379 2297 verit.
438 2253 610 2308 Reperit
637 2252 885 2295 Mercurium
932 2254 973 2294 in
1022 2252 1157 2303 cunis,
1203 2253 1272 2306 qui
1316 2253 1446 2307 lyram
1491 2251 1691 2293 bracchiis

261 2328 406 2369 tenens
437 2324 678 2367 dormientis
707 2338 804 2379 prae
834 2337 878 2366 se
908 2326 988 2367 fert
1017 2326 1212 2380 speciem,
1260 2325 1331 2366 sed
1371 2325 1492 2367 deum
1536 2336 1689 2377 nequa-

263 2407 386 2454 quam
414 2397 542 2449 fallit3
574 2397 653 2451 Qui
680 2410 805 2453 quum
835 2399 996 2441 antrum
1026 2397 1155 2441 oculis
1182 2396 1494 2453 perlustraverit
1528 2396 1580 2438 ad
1619 2407 1690 2436 cu-

261 2484 334 2515 nas
365 2482 583 2514 conversus
612 2482 636 2511 a
664 2483 788 2526 puero
818 2471 996 2525 flagitat,
1025 2471 1087 2512 ut=
1114 2483 1191 2525 quo
1222 2471 1343 2512 boves
1391 2468 1594 2522 abdiderit
1617 2480 1691 2521 pa·

261 2545 440 2587 tefaciat.
500 2542 729 2586 Mercurius
770 2544 907 2586 autem
964 2555 1055 2588 sese
1104 2543 1297 2587 admirari
1346 2541 1531 2592 simulat,
1583 2538 1691 2594 quod

262 2617 413 2672 Apollo
442 2616 579 2670 ipsum
609 2615 739 2657 furem
771 2615 986 2658 abitretur.
1045 2614 1215 2657 Astutia
1229 2615 1302 2658 ,dei
1332 2612 1374 2656 et
1410 2607 1555 2668 gestus
1589 2611 1691 2655 ridi-

262 2690 344 2732 culi
371 2689 611 2739 cachinnum
641 2687 845 2742 Apollinis
879 2688 1135 2732 commovent
1198 2688 1268 2742 qui
1296 2687 1429 2729 rillum
1475 2683 1691 2739 aliquando

263 2765 398 2809 furum
448 2762 592 2805 ducem
628 2773 675 2804 ac
724 2760 944 2816 principem
989 2761 1073 2804 fore
1118 2760 1329 2817 praedicit.
1391 2757 1547 2801 Deinde
1591 2768 1692 2823 puer
1744 2749 1752 2753 ’
