1967 3105
974 193 1038 246 '20

291 332 388 384 apta
416 330 534 373 fles.“
593 331 706 374 Haeo
737 343 831 374 vero
862 332 1056 374 orationis
1072 332 1324 387 perpetuitas
1338 345 1460 375 versu
1479 335 1534 377 36
1555 319 1720 380 mininie

289 403 615 460 interrumpitur.
676 402 720 456 Si
750 404 841 460 quis
872 406 1011 448 omnes
1040 405 1186 461 quibus
1217 416 1354 448 carere
1382 414 1602 460 possumus
1628 416 1720 452 v'er·

290 488 364 519 sus
392 477 507 519 textu
538 477 756 519 eiicieudos
797 479 954 527 censet,
995 478 1140 531 poetae
1179 478 1310 520 nostri
1339 479 1544 533 ingenium
1575 468 1619 524 se
1647 493 1721 535 pa—

291 563 382 605 rum
419 550 673 605 perspexisse
707 551 873 606 probat,
913 563 1006 593 nam
1042 551 1162 594 multi
1203 563 1298 594 sane
1335 552 1594 605 reperiuntur
1627 555 1719 607 loci,

291 622 345 667 in.
365 623 514 678 quibus
545 623 634 678 quis
654 623 785 677 primo
815 623 962 666 obtutu
983 624 1185 666 offendere
1205 614 1354 678 potest.
1413 625 1533 668 Hunc
1559 635 1721 669 versum

286 696 502 752 ¹integrum
532 695 707 750 legimus
736 696 777 738 in
804 695 976 739 Hesiodi
1008 695 1112 751 Opp.
1151 698 1194 739 et
1228 697 1280 739 D.
1320 710 1359 740 v.
1397 698 1492 750 365,
1524 710 1603 754 quo
1632 700 1722 743 loeo

295 770 417 826 poeta
445 769 601 812 Persae
636 768 754 812 fratri
803 769 954 811 iustam
996 769 1293 813 liberalitatem
1343 772 1386 813 et
1432 771 1722 825 parsimoniam

293 842 554 887 commendat
583 842 638 896 (v.
666 843 748 885 352
768 864 825 872 —
845 835 965 895 362);
995 843 1090 896 post
1115 843 1187 886 has
1209 843 1508 886 exhortationes
1531 840 1721 888 librarius
1774 889 1778 892 ,

294 927 458 958 versum
486 915 617 966 inum,
650 914 782 969 quiin
810 915 1068 968 proverbium
1089 916 1202 967 abiit,
1223 916 1357 970 inepte
1377 916 1561 966 inseruit,
1591 930 1722 967 neque

292 987 503 1031 consentio
534 1000 628 1030 oum
656 987 708 1030 iis
734 988 1046 1042 interpretibus,
1078 989 1148 1044 qui
1168 1002 1261 1032 eum
1292 1002 1339 1032 ex
1368 990 1549 1050 Hesiodo
1580 973 1721 1044 sump-

286 1060 384 1105 tum
410 1062 453 1104 et
482 1059 523 1103 in
570 1060 762 1116 parodiae
807 1061 923 1117 quasi
967 1074 1085 1105 usum
1133 1064 1325 1105 navatum
1361 1074 1452 1105 esse
1479 1062 1721 1106 iudicarunt.

287 1135 444 1183 Jmmo,
491 1135 630 1176 nostro
679 1134 769 1175 loeo
824 1148 979 1185 versus,
1009 1136 1188 1177 iocosam
1223 1136 1425 1188 quandam
1471 1136 1723 1177 hilaritatem

288 1206 503 1258 redolens,
537 1208 647 1249 recte
677 1219 720 1249 se
750 1201 875 1250 habet
908 1209 950 1250 et
985 1221 1011 1250 a
1052 1208 1175 1263 poeta
1222 1220 1270 1252 eo
1313 1213 1433 1250 sensu
1482 1209 1719 1251 adhibetur.

296 1279 467 1332 „Nonne
499 1279 579 1320 seis
610 1279 716 1332 quod
746 1280 961 1334 aliquando
998 1280 1144 1322 dixerit
1174 1280 1397 1336 quispiam,
1441 1282 1587 1323 melius
1634 1293 1721 1323 esse

297 1353 408 1396 domi
438 1364 602 1394 manere
630 1364 749 1406 quam
780 1352 878 1394 foris
896 1356 944 1395 ?“
990 1353 1125 1408 Velim
1156 1354 1344 1396 attendas
1376 1354 1428 1395 ad
1465 1354 1721 1407 grammatici

295 1425 599 1469 adnotationem
629 1424 896 1480 marginalem
934 1424 976 1467 in
1007 1426 1094 1468 cod.
1124 1425 1242 1468 Paris
1275 1425 1325 1469 C:
1352 1427 1605 1482 7,σημείωσαι
1651 1423 1723 1467 τὸν

293 1494 501 1540 ιΙὲἶσίοὸον
527 1496 759 1553 κεκλοφότα
786 1495 858 1539 τὸν
885 1499 1061 1552 στίχον,“
1089 1512 1192 1553 quae
1226 1498 1346 1541 verba
1384 1506 1611 1553 quanquam
1643 1506 1721 1541 non
1765 1544 1766 1548 ,

297 1580 420 1615 sensu
467 1571 630 1626 proprio
674 1571 965 1626 intelligenda,
1014 1573 1152 1615 tamen
1192 1571 1367 1626 probant
1408 1572 1720 1627 grammaticum

290 1657 454 1700 vquoque
484 1645 592 1686 huuc
621 1657 786 1687 versum
815 1644 1064 1688 Hesiodeum
1094 1658 1167 1699 pro
1199 1645 1336 1701 spurio
1365 1646 1569 1688 habuisse.
1594 1668 1637 1674 —-

432 1718 660 1761 Mercurius
690 1718 940 1761 testudinem
977 1719 1028 1762 de
1076 1719 1187 1762 terra
1230 1719 1434 1762 sublatam
1480 1719 1722 1771 domumque

295 1781 549 1844 asportatam
569 1791 787 1842 interficit,
809 1792 856 1833 ut
875 1792 1077 1845 extemplo
1097 1792 1228 1846 lyram
1249 1791 1327 1833 sibi
1348 1791 1547 1834 conficiat.
1608 1791 1724 1842 Quod

297 1864 376 1907 sibi
405 1863 618 1919 proposuit
648 1864 790 1908 statim
820 1864 872 1907 ad
904 1864 1025 1907 tinem
1054 1865 1242 1919 perducit
1268 1865 1385 1908 tanta
1415 1865 1644 1908 celeritate:

549 1952 616 1994 ,μῦς
639 1951 774 1988 δ’ὁπότ’
798 1954 866 1988 ὠκὺ
888 1953 1001 1999 νόημα
1024 1952 1084 1989 διὰ
1107 1956 1258 2000 στέρνοιο
1281 1955 1415 2002 περήσῃ

549 2009 700 2055 „diepam
722 2009 798 2047 ὅντε
820 2013 974 2055 &anaema
997 2009 1237 2056 ἐπιστρωφῶσι
1258 2014 1456 2057 usqiman?

308 2091 380 2147 sed
410 2090 505 2133 huic
535 2090 824 2146 comparationi
865 2091 1062 2134 asseritur
1091 2103 1139 2134 ex
1169 2092 1336 2147 vulgata
1365 2091 1560 2134 lectionex

552 2177 596 2222 ,,ἡ
620 2177 676 2214 ὅτε
691 2180 714 2224 ¹)
738 2177 930 2223 διιηθῶσιν
952 2179 1004 2215 ἀπ
1027 2179 1223 2226 ὀφθαλμῶν
1245 2180 1449 2227 ἅμαριγαῌ·

297 2262 339 2305 iu
370 2272 450 2316 qua
479 2259 660 2315 plerique
697 2259 874 2302 editores
904 2260 992 2302 iure
1023 2259 1294 2311 offenderunt,
1327 2273 1451 2314 quum
1473 2259 1576 2302 duae
1617 2271 1726 2302 com-

295 2335 526 2390 parationes
556 2334 669 2377 iuxta
696 2333 853 2390 positae
883 2333 955 2376 aut
983 2346 1146 2389 prorsus
1177 2334 1298 2376 aliter
1327 2334 1434 2377 iuter
1482 2347 1525 2376 se
1555 2335 1724 2385 coniun-

299 2407 449 2464 gantur
479 2408 550 2450 aut
578 2405 915 2464 interpolatorum
945 2417 1110 2449 manum
1139 2408 1325 2463 expertae
1373 2407 1477 2458 sint;
1517 2393 1730 2456 ⁴conferas³

303 2541 540 2577 suffitionibus
562 2541 726 2587 propriae
745 2541 961 2586 magicisque
992 2540 1103 2598 'rebus
1141 2539 1334 2577 refutandis
1364 2543 1401 2575 et
1434 2542 1560 2586 ,contra
1591 2525 1732 2574 ¹venena

299 2603 472 2640 salutares
494 2603 701 2649 produntun
1614 2606 1616 2610 “

441 2685 466 2727 ¹)
495 2682 552 2718 Sic
576 2682 735 2723 Moscov3
771 2682 896 2728 reliqui
931 2682 1064 2718 codices
1093 2680 1133 2727 αἱ
1159 2681 1214 2718 ὅτε
1245 2682 1300 2726 vel
1327 2683 1368 2720 ἃς
1393 2681 1459 2718 ὅτι.
1513 2681 1731 2716 Hermannns

301 2745 347 2785 ὥς
369 2743 470 2783 δ’ὅῐε.
503 2774 506 2775 ⁷
