1967 3105
933 198 994 243 25

254 340 350 386 prae
381 342 425 372 se
457 327 702 382 abigentem.
762 326 873 370 Deus
904 330 1106 378 metuens,
1135 341 1185 370 ue
1215 327 1397 380 Apollini
1426 327 1632 383 prodatur,
1649 338 1675 370 a

257 415 352 446 sene
382 400 593 444 silentium
621 399 807 455 postulat
834 401 907 443 sed
936 401 1069 444 verbis
1090 402 1176 442 tam
1204 388 1346 454 parum
1369 401 1675 443 cohaerentibus

258 475 312 529 (v.
345 476 400 518 90
419 488 464 503 -·-
489 474 576 524 93),
607 474 655 515 ut
690 473 804 516 locus
839 474 969 516 iustas
1008 472 1282 516 dubitationes
1314 476 1485 516 moveat.
1544 473 1678 516 Tanta

255 545 541 594 admonitionis
565 545 746 588 brevitas
776 546 818 587 in
838 548 1015 589 carmine
1036 545 1167 600 epico,
1200 545 1307 600 quod
1322 558 1461 588 omues
1477 558 1543 587 res
1569 545 1676 588 iusto

255 619 394 664 ordine
422 609 603 673 proferre
633 618 676 660 et
704 619 822 673 quasi
852 619 926 660 sub
943 607 1196 661 auiiientium
1216 618 1353 661 oculos
1384 618 1584 660 subiicere
1604 618 1675 659 de-

258 692 338 743 bet,
369 689 467 734 ferri
492 701 572 733 non
600 690 759 744 potest,
787 691 866 733 nisi
897 695 988 733 cum
1019 690 1272 734 Groddeckio
1313 690 1432 733 deum
1469 689 1585 732 vultu
1635 692 1677 732 et

255 763 439 820 gestibus
479 775 706 805 sermonem
754 764 1075 817 compensavisse
1119 764 1195 805 tibi
1225 762 1482 817 persuadeas.
1541 761 1676 804 Nimis

256 837 449 881 audacter
477 837 726 880 Matthiaeus
757 838 889 880 locum
937 837 988 880 ab
1036 837 1327 890 interpolatore
1358 836 1540 879 additum
1590 848 1677 878 esse

264 910 416 959 censet,
467 921 616 964 „aegre
664 908 822 961 ferenti,
874 910 979 964 quod
1029 909 1166 952 fabula
1215 909 1264 951 de
1294 910 1416 952 Batto
1448 911 1598 950 omissa
1628 909 1683 951 sit

258 995 429 1038 eamque
476 982 666 1025 hocloco
695 983 874 1041 inserere
923 984 1084 1025 conanti
1133 982 1329 1037 neglectis
1378 981 1427 1023 iis
1460 995 1562 1036 quae
1593 982 1680 1024 sola

257 1055 396 1110 mytho
426 1055 497 1097 isti
529 1055 571 1097 et
597 1054 894 1097 cohaerentiam
923 1068 1016 1098 cum
1036 1055 1201 1110 reliquis
1233 1056 1275 1097 et
1313 1056 1445 1097 lucem
1465 1056 1679 1097 afferunt.“

258 1129 465 1170 Lacunam
510 1129 603 1181 post
638 1140 799 1170 versum
830 1129 880 1170 91
919 1128 1191 1170 statuendam
1240 1139 1330 1170 esse
1378 1128 1486 1170 recte
1534 1128 1681 1182 putant

259 1200 587 1244 Schneidewinus
619 1202 661 1243 et
684 1201 1002 1252 Baumeisteru8‚
1032 1214 1124 1247 nam
1157 1201 1234 1243 duo
1264 1201 1507 1254 posteriores
1539 1213 1680 1243 versus

257 1273 453 1316 sermonis
484 1273 676 1316 Mercurii
706 1286 828 1328 quum
864 1286 942 1316 non
981 1274 1196 1317 cohaerent
1232 1286 1323 1316 cum
1361 1274 1562 1329 prioribus
1591 1275 1679 1315 tum

255 1347 333 1400 ipsi
368 1359 514 1400 magno
552 1347 649 1388 vitio
690 1347 896 1397 laborant,
933 1348 975 1389 id
1011 1348 1115 1401 quod
1145 1347 1324 1400 primus,
1357 1349 1553 1400 quantum
1583 1347 1678 1397 scio,

249 1419 509 1473 ffSchopenius
558 1419 598 1460 in
626 1418 939 1468 „Diorthoticon
983 1420 1023 1462 in
1070 1419 1201 1462 varios
1251 1419 1488 1474 scriptores,
1525 1420 1629 1474 part.
1661 1420 1679 1461 I

257 1489 372 1534 Bonn
408 1493 542 1534 1846“
574 1492 684 1533 edita
712 1491 813 1533 bene
843 1491 1000 1534 monuit
1030 1495 1072 1533 et
1100 1493 1250 1534 codicis
1272 1491 1530 1534 Ambrosiani
1560 1491 1681 1534 lectio

259 1563 531 1615 confirmavit,
578 1565 648 1618 qui
676 1565 716 1607 in
749 1576 867 1607 versu
903 1565 956 1608 93
996 1564 1185 1619 praebet:
1245 1561 1343 1615 „fite
1383 1565 1527 1620 μηκέτι
1555 1578 1681 1605 κατα-

256 1635 436 1693 βλάπτῃ,
482 1637 589 1692 quod
620 1637 869 1700 Schopenius
918 1638 961 1680 in
1010 1635 1078 1679 ὅτε
1121 1635 1179 1693 μὴ
1227 1637 1296 1679 καὶ
1339 1652 1381 1678 τι
1409 1635 1679 1691 καταβλάπτῃ
1708 1659 1725 1679 2.

256 1710 444 1762 mutavit,
476 1710 547 1753 sed
572 1710 679 1754 inter
706 1711 903 1754 vocabula
928 1707 996 1752 ὅτε
1026 1713 1068 1754 et
1088 1712 1274 1765 seqentia
1293 1710 1479 1753 lacunam
1500 1722 1588 1753 esse
1618 1710 1682 1752 in-

260 1783 424 1837 geniose
454 1784 699 1840 suspicatur„
727 1784 786 1826 ita
817 1786 861 1826 ut
889 1783 968 1827 loci
997 1783 1160 1829 habitus
1191 1785 1262 1827 sit:

459 1878 513 1906 καὶ
537 1875 644 1918 σιγᾶν,
669 1872 725 1908 ὅτε
771 1899 1451 1908 .............

460 1953 746 1963 ......
791 1931 844 1974 μὴ
865 1931 925 1963 καί
943 1943 977 1964 τι
1001 1929 1222 1976 καταβλάπτῃ
1244 1933 1285 1965 τὸ
1300 1933 1356 1967 ςὸν
1366 1930 1480 1965 αὐτοῦ·

401 2007 560 2050 Sensus
595 2009 807 2051 verborum
859 2022 964 2063 quae¹
1010 2010 1322 2060 interciderunt,
1355 2011 1482 2052 fuisse
1514 2009 1677 2052 videtur

257 2080 358 2142 tace,
390 2093 484 2123 nam
516 2081 552 2123 si
581 2081 763 2135 Apollini
789 2081 855 2124 vel
885 2081 956 2124 alii
986 2082 1094 2136 quod
1122 2083 1168 2124 tu
1188 2083 1327 2125 vidisti
1358 2083 1508 2139 prodis,
1540 2095 1681 2125 caveas

259 2164 309 2192 ne
340 2153 413 2195 ctr.
477 2151 554 2210 Μὴ
583 2154 652 2195 καὶ
679 2155 775 2210 post
798 2156 925 2197 verba
968 2156 1175 2197 metuendi
1219 2158 1260 2198 et
1305 2157 1492 2198 monendi
1536 2168 1679 2209 saepe-

259 2236 423 2268 numero
462 2227 667 2270 invenitur
696 2227 748 2269 ad
777 2228 921 2270 horum
967 2227 1181 2271 verborum
1219 2228 1425 2273 notionem
1455 2229 1681 2285 augendam

260 2297 330 2338 cfr.
348 2297 534 2352 Sophocl.
556 2299 729 2343 Philoct.
762 2314 798 2342 V.
831 2302 899 2343 13:
956 2298 1014 2356 μὴ
1034 2301 1103 2342 καὶ
1128 2300 1252 2357 μάθῃ
1280 2296 1508 2358 μ’ἥκοντ’;“
1537 2301 1681 2356 Autig.

259 2382 295 2412 v.
329 2372 428 2415 280:
488 2375 683 2423 ,,παῦσαι,
733 2373 829 2429 πρὶν
877 2368 998 2430 ὀργῆς
1043 2377 1115 2416 καί
1159 2370 1212 2428 με
1255 2377 1464 2428 μεστῶσαι
1503 2373 1680 2429 Myon&
1735 2421 1739 2422 ⁷

260 2443 428 2487 Theocr.
468 2446 588 2502 Idyll.
624 2448 794 2498 XXVII,
826 2449 898 2489 30:
963 2443 1098 2499 „viI-lc?
1128 2454 1258 2491 τεκεῖν
1295 2450 1467 2503 τρομέω,
1510 2446 1566 2502 μὴ
1613 2449 1681 2489 καὶ

258 2514 358 2570 χρόα
386 2516 509 2560 καλὸν
538 2514 706 2561 ὀλέσω.“
852 2577 859 2582 ,

394 2591 536 2645 Neque
569 2606 708 2636 versus
739 2594 793 2636 92
828 2593 1151 2648 interpolationis
1176 2594 1406 2650 suspicione
1433 2597 1550 2636 vacat
1579 2606 1680 2648 quo-

259 2661 367 2707 niam
397 2674 488 2706 cum
498 2665 831 2718 praecedentibus
862 2679 942 2711 non
972 2665 1172 2711 cohaeret.
1212 2666 1475 2712 *Schmittius
1492 2667 1678 2710 versibus

261 2735 311 2776 91
345 2736 387 2776 et
417 2737 469 2779 92
499 2737 541 2780 in
572 2751 696 2782 unum
723 2739 942 2783 contractis
970 2739 1029 2783 sic
1058 2740 1178 2795 legit:
1272 2738 1274 2744 ⁴
