<?xml version="1.0" encoding="UTF-8"?>
<!DOCTYPE html PUBLIC "-//W3C//DTD XHTML 1.0 Transitional//EN"
    "http://www.w3.org/TR/xhtml1/DTD/xhtml1-transitional.dtd">
<html xmlns="http://www.w3.org/1999/xhtml" xml:lang="en" lang="en">
 <head>
  <title>
</title>
<meta http-equiv="Content-Type" content="text/html;charset=utf-8" />
  <meta name='ocr-system' content='tesseract 3.04.00' />
  <meta name='ocr-capabilities' content='ocr_page ocr_carea ocr_par ocr_line ocrx_word'/>
</head>
<body>
  <div class='ocr_page' id='page_1' title='image "4737864_0041.png"; bbox 0 0 1967 3105; ppageno 0'>
   <div class='ocr_carea' id='block_1_1' title="bbox 0 0 365 230">
    <p class='ocr_par' dir='ltr' id='par_1_1' title="bbox 0 0 365 230">
     <span class='ocr_line' id='line_1_1' title="bbox 0 0 365 230; baseline 0 2875"><span class='ocrx_word' id='word_1_1' title='bbox 0 0 365 230; x_wconf 95' lang='lat' dir='ltr'><strong> </strong></span> 
     </span>
    </p>
   </div>
   <div class='ocr_carea' id='block_1_2' title="bbox 888 201 949 247">
    <p class='ocr_par' dir='ltr' id='par_1_2' title="bbox 888 201 949 247">
     <span class='ocr_line' id='line_1_2' title="bbox 888 201 949 247; baseline 0 0"><span class='ocrx_word' id='word_1_2' title='bbox 888 201 949 247; x_wconf 84' lang='lat'><strong>35</strong></span> 
     </span>
    </p>
   </div>
   <div class='ocr_carea' id='block_1_3' title="bbox 206 329 1629 680">
    <p class='ocr_par' dir='ltr' id='par_1_3' title="bbox 206 329 1629 680">
     <span class='ocr_line' id='line_1_3' title="bbox 210 329 1626 396; baseline -0.006 -12"><span class='ocrx_word' id='word_1_3' title='bbox 210 340 416 396; x_wconf 88' lang='lat' dir='ltr'><strong>quodiam</strong></span> <span class='ocrx_word' id='word_1_4' title='bbox 445 336 598 380; x_wconf 89' lang='lat' dir='ltr'><strong>dictum</strong></span> <span class='ocrx_word' id='word_1_5' title='bbox 630 334 738 384; x_wconf 83' lang='lat' dir='ltr'><strong>erat,</strong></span> <span class='ocrx_word' id='word_1_6' title='bbox 770 333 988 376; x_wconf 85' lang='lat' dir='ltr'><strong>continent.</strong></span> <span class='ocrx_word' id='word_1_7' title='bbox 1049 333 1093 376; x_wconf 88' lang='lat' dir='ltr'><strong>Si</strong></span> <span class='ocrx_word' id='word_1_8' title='bbox 1122 332 1219 388; x_wconf 91' lang='lat' dir='ltr'><strong>quid</strong></span> <span class='ocrx_word' id='word_1_9' title='bbox 1249 333 1384 384; x_wconf 80' lang='lat' dir='ltr'><strong>video,</strong></span> <span class='ocrx_word' id='word_1_10' title='bbox 1416 329 1474 382; x_wconf 70' lang='grc' dir='ltr'><strong>ὥζ</strong></span> <span class='ocrx_word' id='word_1_11' title='bbox 1500 333 1626 385; x_wconf 79' lang='lat' dir='ltr'><strong>illud,</strong></span> 
     </span>
     <span class='ocr_line' id='line_1_4' title="bbox 210 405 1629 469; baseline -0.004 -12"><span class='ocrx_word' id='word_1_12' title='bbox 210 426 288 469; x_wconf 89' lang='lat' dir='ltr'><strong>quo</strong></span> <span class='ocrx_word' id='word_1_13' title='bbox 308 413 386 456; x_wconf 87' lang='lat' dir='ltr'><strong>duo</strong></span> <span class='ocrx_word' id='word_1_14' title='bbox 412 421 555 454; x_wconf 82' lang='lat' dir='ltr'><strong>versus</strong></span> <span class='ocrx_word' id='word_1_15' title='bbox 583 407 803 463; x_wconf 82' lang='lat' dir='ltr'><strong>incipiunt,</strong></span> <span class='ocrx_word' id='word_1_16' title='bbox 836 405 944 450; x_wconf 83' lang='lat' dir='ltr'><strong>clare</strong></span> <span class='ocrx_word' id='word_1_17' title='bbox 970 407 1192 457; x_wconf 80' lang='lat' dir='ltr'><strong>monstrat,</strong></span> <span class='ocrx_word' id='word_1_18' title='bbox 1209 406 1265 448; x_wconf 83' lang='lat' dir='ltr'><strong>‘in</strong></span> <span class='ocrx_word' id='word_1_19' title='bbox 1314 406 1462 462; x_wconf 85' lang='lat' dir='ltr'><strong>hymno</strong></span> <span class='ocrx_word' id='word_1_20' title='bbox 1500 406 1629 467; x_wconf 75' lang='lat' dir='ltr'><strong>inter-</strong></span> 
     </span>
     <span class='ocr_line' id='line_1_5' title="bbox 206 470 1624 544; baseline -0.006 -14"><span class='ocrx_word' id='word_1_21' title='bbox 206 485 402 542; x_wconf 83' lang='lat' dir='ltr'><strong>polatoris</strong></span> <span class='ocrx_word' id='word_1_22' title='bbox 421 484 649 540; x_wconf 86' lang='lat' dir='ltr'><strong>postremos</strong></span> <span class='ocrx_word' id='word_1_23' title='bbox 688 480 788 522; x_wconf 84' lang='lat' dir='ltr'><strong>duos</strong></span> <span class='ocrx_word' id='word_1_24' title='bbox 825 492 966 544; x_wconf 79' lang='lat' dir='ltr'><strong>versus</strong></span> <span class='ocrx_word' id='word_1_25' title='bbox 1009 479 1121 535; x_wconf 88' lang='lat'><strong>(383.</strong></span> <span class='ocrx_word' id='word_1_26' title='bbox 1143 478 1244 533; x_wconf 84' lang='lat'>384)</span> <span class='ocrx_word' id='word_1_27' title='bbox 1265 470 1437 522; x_wconf 76' lang='lat' dir='ltr'><strong>omisso&#39;s</strong></span> <span class='ocrx_word' id='word_1_28' title='bbox 1458 479 1624 522; x_wconf 81' lang='lat' dir='ltr'><strong>fuisse‘·.</strong></span> 
     </span>
     <span class='ocr_line' id='line_1_6' title="bbox 207 553 1626 614; baseline -0.005 -11"><span class='ocrx_word' id='word_1_29' title='bbox 207 560 314 613; x_wconf 79' lang='lat' dir='ltr'><strong>Quin</strong></span> <span class='ocrx_word' id='word_1_30' title='bbox 343 570 483 602; x_wconf 86' lang='lat' dir='ltr'><strong>versus</strong></span> <span class='ocrx_word' id='word_1_31' title='bbox 514 556 639 599; x_wconf 77' lang='lat'><strong>379—</strong></span> <span class='ocrx_word' id='word_1_32' title='bbox 657 578 668 583; x_wconf 96' lang='lat'><em>-</em></span> <span class='ocrx_word' id='word_1_33' title='bbox 690 555 766 596; x_wconf 84' lang='lat'><strong>381</strong></span> <span class='ocrx_word' id='word_1_34' title='bbox 800 553 957 597; x_wconf 75' lang='lat' dir='ltr'><strong>librarii</strong></span> <span class='ocrx_word' id='word_1_35' title='bbox 991 554 1202 614; x_wconf 85' lang='lat' dir='ltr'><strong>cuiusdam</strong></span> <span class='ocrx_word' id='word_1_36' title='bbox 1229 553 1363 596; x_wconf 86' lang='lat' dir='ltr'><strong>studio</strong></span> <span class='ocrx_word' id='word_1_37' title='bbox 1407 553 1626 596; x_wconf 75' lang='lat' dir='ltr'><strong>debeamus</strong></span> 
     </span>
     <span class='ocr_line' id='line_1_7' title="bbox 206 626 1627 680; baseline -0.005 -4"><span class='ocrx_word' id='word_1_38' title='bbox 206 633 343 676; x_wconf 85' lang='lat' dir='ltr'><strong>nullus</strong></span> <span class='ocrx_word' id='word_1_39' title='bbox 363 630 523 680; x_wconf 83' lang='lat' dir='ltr'><strong>dubito,</strong></span> <span class='ocrx_word' id='word_1_40' title='bbox 541 627 614 670; x_wconf 85' lang='lat' dir='ltr'><strong>sed</strong></span> <span class='ocrx_word' id='word_1_41' title='bbox 633 640 795 670; x_wconf 84' lang='lat' dir='ltr'><strong>versum</strong></span> <span class='ocrx_word' id='word_1_42' title='bbox 825 628 906 670; x_wconf 82' lang='lat'><strong>382</strong></span> <span class='ocrx_word' id='word_1_43' title='bbox 930 626 1211 670; x_wconf 85' lang='lat' dir='ltr'><strong>oblitteratum</strong></span> <span class='ocrx_word' id='word_1_44' title='bbox 1230 627 1374 676; x_wconf 76' lang='lat' dir='ltr'><strong>nolim3</strong></span> <span class='ocrx_word' id='word_1_45' title='bbox 1395 627 1497 669; x_wconf 88' lang='lat' dir='ltr'><strong>bene</strong></span> <span class='ocrx_word' id='word_1_46' title='bbox 1518 627 1627 669; x_wconf 90' lang='lat' dir='ltr'><strong>enim</strong></span> 
     </span>
    </p>
   </div>
   <div class='ocr_carea' id='block_1_4' title="bbox 157 689 1626 755">
    <p class='ocr_par' dir='ltr' id='par_1_4' title="bbox 157 689 1626 755">
     <span class='ocr_line' id='line_1_8' title="bbox 157 689 1626 755; baseline -0.004 -6"><span class='ocrx_word' id='word_1_47' title='bbox 157 722 160 725; x_wconf 91' lang='lat'>·</span> <span class='ocrx_word' id='word_1_48' title='bbox 205 705 392 749; x_wconf 78' lang='lat' dir='ltr'><strong>cohaeret</strong></span> <span class='ocrx_word' id='word_1_49' title='bbox 420 715 513 744; x_wconf 88' lang='lat' dir='ltr'><strong>cum</strong></span> <span class='ocrx_word' id='word_1_50' title='bbox 543 714 578 744; x_wconf 86' lang='lat' dir='ltr'><strong>v.</strong></span> <span class='ocrx_word' id='word_1_51' title='bbox 611 689 663 743; x_wconf 84' lang='lat'><strong>37</strong></span> <span class='ocrx_word' id='word_1_52' title='bbox 667 702 711 752; x_wconf 85' lang='lat'><strong>8,</strong></span> <span class='ocrx_word' id='word_1_53' title='bbox 740 701 782 743; x_wconf 88' lang='lat' dir='ltr'><strong>et</strong></span> <span class='ocrx_word' id='word_1_54' title='bbox 809 701 857 743; x_wconf 88' lang='lat' dir='ltr'><strong>ut</strong></span> <span class='ocrx_word' id='word_1_55' title='bbox 884 701 1002 743; x_wconf 91' lang='lat' dir='ltr'><strong>illum</strong></span> <span class='ocrx_word' id='word_1_56' title='bbox 1030 700 1276 744; x_wconf 81' lang='lat' dir='ltr'><strong>retineamus</strong></span> <span class='ocrx_word' id='word_1_57' title='bbox 1316 700 1499 755; x_wconf 90' lang='lat' dir='ltr'><strong>praefero</strong></span> <span class='ocrx_word' id='word_1_58' title='bbox 1535 714 1626 743; x_wconf 90' lang='lat' dir='ltr'><strong>ver-</strong></span> 
     </span>
    </p>
   </div>
   <div class='ocr_carea' id='block_1_5' title="bbox 205 769 1629 1048">
    <p class='ocr_par' dir='ltr' id='par_1_5' title="bbox 205 769 1629 1048">
     <span class='ocr_line' id='line_1_9' title="bbox 205 769 1629 827; baseline -0.004 -7"><span class='ocrx_word' id='word_1_59' title='bbox 205 778 257 821; x_wconf 85' lang='lat' dir='ltr'><strong>ba</strong></span> <span class='ocrx_word' id='word_1_60' title='bbox 283 772 413 818; x_wconf 73' lang='grc' dir='ltr'><strong><em>οἶσθα</em></strong></span> <span class='ocrx_word' id='word_1_61' title='bbox 437 775 506 815; x_wconf 78' lang='grc' dir='ltr'><strong>καὶ</strong></span> <span class='ocrx_word' id='word_1_62' title='bbox 534 769 659 822; x_wconf 66' lang='lat' dir='ltr'><strong>avitos·</strong></span> <span class='ocrx_word' id='word_1_63' title='bbox 687 784 766 815; x_wconf 90' lang='lat' dir='ltr'><strong>non</strong></span> <span class='ocrx_word' id='word_1_64' title='bbox 794 772 847 815; x_wconf 88' lang='lat' dir='ltr'><strong>ad</strong></span> <span class='ocrx_word' id='word_1_65' title='bbox 876 773 1101 827; x_wconf 79' lang='lat' dir='ltr'><strong>sequentia,</strong></span> <span class='ocrx_word' id='word_1_66' title='bbox 1133 774 1180 815; x_wconf 91' lang='lat' dir='ltr'><strong>ut</strong></span> <span class='ocrx_word' id='word_1_67' title='bbox 1208 773 1466 816; x_wconf 85' lang='lat' dir='ltr'><strong>Hermannus</strong></span> <span class='ocrx_word' id='word_1_68' title='bbox 1496 772 1629 815; x_wconf 82' lang='lat' dir='ltr'><strong>voluit</strong></span> 
     </span>
     <span class='ocr_line' id='line_1_10' title="bbox 206 845 1623 903; baseline -0.004 -11"><span class='ocrx_word' id='word_1_69' title='bbox 206 850 279 892; x_wconf 84' lang='lat' dir='ltr'><strong>sed</strong></span> <span class='ocrx_word' id='word_1_70' title='bbox 307 849 360 892; x_wconf 84' lang='lat' dir='ltr'><strong>ad</strong></span> <span class='ocrx_word' id='word_1_71' title='bbox 400 846 684 903; x_wconf 81' lang='lat' dir='ltr'><strong>praecedentia</strong></span> <span class='ocrx_word' id='word_1_72' title='bbox 719 846 893 889; x_wconf 86' lang='lat' dir='ltr'><strong>referre:</strong></span> <span class='ocrx_word' id='word_1_73' title='bbox 924 847 995 898; x_wconf 85' lang='lat' dir='ltr'><strong>„et</strong></span> <span class='ocrx_word' id='word_1_74' title='bbox 1024 850 1115 889; x_wconf 84' lang='lat' dir='ltr'><strong>amo</strong></span> <span class='ocrx_word' id='word_1_75' title='bbox 1148 847 1195 888; x_wconf 75' lang='lat' dir='ltr'><strong>te</strong></span> <span class='ocrx_word' id='word_1_76' title='bbox 1224 858 1444 899; x_wconf 85' lang='lat' dir='ltr'><strong>vereorque</strong></span> <span class='ocrx_word' id='word_1_77' title='bbox 1493 845 1623 895; x_wconf 79' lang='lat' dir='ltr'><strong>illum,</strong></span> 
     </span>
     <span class='ocr_line' id='line_1_11' title="bbox 207 917 1624 983; baseline -0.002 -18"><span class='ocrx_word' id='word_1_78' title='bbox 207 923 254 965; x_wconf 87' lang='lat' dir='ltr'><strong>ut</strong></span> <span class='ocrx_word' id='word_1_79' title='bbox 280 922 327 965; x_wconf 88' lang='lat' dir='ltr'><strong>tu</strong></span> <span class='ocrx_word' id='word_1_80' title='bbox 355 920 443 977; x_wconf 87' lang='lat' dir='ltr'><strong>ipse</strong></span> <span class='ocrx_word' id='word_1_81' title='bbox 472 918 594 963; x_wconf 84' lang='lat' dir='ltr'><strong>scis“.</strong></span> <span class='ocrx_word' id='word_1_82' title='bbox 652 917 741 962; x_wconf 88' lang='lat' dir='ltr'><strong>Nec</strong></span> <span class='ocrx_word' id='word_1_83' title='bbox 769 931 849 963; x_wconf 90' lang='lat' dir='ltr'><strong>non</strong></span> <span class='ocrx_word' id='word_1_84' title='bbox 872 931 1029 963; x_wconf 57' lang='lat' dir='ltr'><strong>,versus</strong></span> <span class='ocrx_word' id='word_1_85' title='bbox 1058 919 1138 963; x_wconf 89' lang='lat'><strong>383</strong></span> <span class='ocrx_word' id='word_1_86' title='bbox 1188 918 1426 983; x_wconf 75' lang='lat' dir='ltr'><strong>aptissimus</strong></span> <span class='ocrx_word' id='word_1_87' title='bbox 1474 919 1557 970; x_wconf 78' lang='lat' dir='ltr'><strong>est,</strong></span> <span class='ocrx_word' id='word_1_88' title='bbox 1588 919 1624 962; x_wconf 82' lang='lat' dir='ltr'><strong>si</strong></span> 
     </span>
     <span class='ocr_line' id='line_1_12' title="bbox 207 980 914 1048; baseline -0.003 -10"><span class='ocrx_word' id='word_1_89' title='bbox 207 980 317 1038; x_wconf 85' lang='lat' dir='ltr'><strong>facili</strong></span> <span class='ocrx_word' id='word_1_90' title='bbox 347 993 628 1037; x_wconf 82' lang='lat' dir='ltr'><strong>emendatione</strong></span> <span class='ocrx_word' id='word_1_91' title='bbox 657 992 914 1048; x_wconf 84' lang='lat' dir='ltr'>scripsimus:</span> 
     </span>
    </p>
   </div>
   <div class='ocr_carea' id='block_1_6' title="bbox 407 1086 1360 1140">
    <p class='ocr_par' dir='ltr' id='par_1_6' title="bbox 407 1086 1360 1140">
     <span class='ocr_line' id='line_1_13' title="bbox 407 1086 1360 1140; baseline 0.001 -13"><span class='ocrx_word' id='word_1_92' title='bbox 407 1093 473 1134; x_wconf 74' lang='lat' dir='ltr'><strong>„ch</strong></span> <span class='ocrx_word' id='word_1_93' title='bbox 496 1092 589 1127; x_wconf 79' lang='grc' dir='ltr'><strong><em>δὀὐκ</em></strong></span> <span class='ocrx_word' id='word_1_94' title='bbox 611 1094 716 1130; x_wconf 72' lang='grc' dir='ltr'><em>αἶ”τίος</em></span> <span class='ocrx_word' id='word_1_95' title='bbox 738 1091 808 1138; x_wconf 79' lang='grc' dir='ltr'><strong>εἶμι</strong></span> <span class='ocrx_word' id='word_1_96' title='bbox 831 1095 938 1139; x_wconf 77' lang='grc' dir='ltr'><strong><em>μέγαν</em></strong></span> <span class='ocrx_word' id='word_1_97' title='bbox 958 1092 1203 1139; x_wconf 71' lang='grc' dir='ltr'><strong>γ’ἐπιὸυἵσομαι</strong></span> <span class='ocrx_word' id='word_1_98' title='bbox 1227 1086 1360 1140; x_wconf 61' lang='grc' dir='ltr'><strong>ὅρκοι).“</strong></span> 
     </span>
    </p>
   </div>
   <div class='ocr_carea' id='block_1_7' title="bbox 200 1175 1627 1602">
    <p class='ocr_par' dir='ltr' id='par_1_7' title="bbox 200 1175 1627 1602">
     <span class='ocr_line' id='line_1_14' title="bbox 340 1175 1625 1239; baseline 0 -13"><span class='ocrx_word' id='word_1_99' title='bbox 340 1185 450 1226; x_wconf 88' lang='lat' dir='ltr'><strong>Num</strong></span> <span class='ocrx_word' id='word_1_100' title='bbox 479 1197 575 1227; x_wconf 86' lang='lat' dir='ltr'><strong>vero</strong></span> <span class='ocrx_word' id='word_1_101' title='bbox 605 1185 730 1226; x_wconf 88' lang='lat' dir='ltr'><strong>etiam</strong></span> <span class='ocrx_word' id='word_1_102' title='bbox 757 1197 897 1226; x_wconf 85' lang='lat' dir='ltr'><strong>versus</strong></span> <span class='ocrx_word' id='word_1_103' title='bbox 928 1175 1032 1235; x_wconf 53' lang='lat'><strong>3844</strong></span> <span class='ocrx_word' id='word_1_104' title='bbox 1073 1184 1142 1239; x_wconf 87' lang='lat' dir='ltr'><strong>qui</strong></span> <span class='ocrx_word' id='word_1_105' title='bbox 1189 1197 1338 1227; x_wconf 88' lang='lat' dir='ltr'><strong>novum</strong></span> <span class='ocrx_word' id='word_1_106' title='bbox 1381 1184 1484 1227; x_wconf 92' lang='lat' dir='ltr'><strong>illud</strong></span> <span class='ocrx_word' id='word_1_107' title='bbox 1513 1186 1625 1227; x_wconf 88' lang='lat' dir='ltr'><strong>Mer-</strong></span> 
     </span>
     <span class='ocr_line' id='line_1_15' title="bbox 206 1256 1625 1312; baseline 0.001 -14"><span class='ocrx_word' id='word_1_108' title='bbox 206 1257 305 1299; x_wconf 85' lang='lat' dir='ltr'>curii</span> <span class='ocrx_word' id='word_1_109' title='bbox 325 1256 605 1306; x_wconf 83' lang='lat' dir='ltr'><strong>iusiurandum</strong></span> <span class='ocrx_word' id='word_1_110' title='bbox 648 1269 722 1311; x_wconf 90' lang='lat' dir='ltr'><strong>per</strong></span> <span class='ocrx_word' id='word_1_111' title='bbox 751 1256 919 1298; x_wconf 90' lang='lat' dir='ltr'><strong>deorum</strong></span> <span class='ocrx_word' id='word_1_112' title='bbox 950 1257 1153 1300; x_wconf 84' lang='lat' dir='ltr'><strong>vestibula</strong></span> <span class='ocrx_word' id='word_1_113' title='bbox 1182 1257 1362 1300; x_wconf 86' lang='lat' dir='ltr'><strong>continet</strong></span> <span class='ocrx_word' id='word_1_114' title='bbox 1401 1270 1625 1312; x_wconf 81' lang='lat' dir='ltr'><strong>germanus</strong></span> 
     </span>
     <span class='ocr_line' id='line_1_16' title="bbox 200 1325 1626 1386; baseline -0.001 -15"><span class='ocrx_word' id='word_1_115' title='bbox 200 1329 258 1371; x_wconf 78' lang='lat' dir='ltr'><strong>sit</strong></span> <span class='ocrx_word' id='word_1_116' title='bbox 286 1329 439 1372; x_wconf 89' lang='lat' dir='ltr'><strong>dubito.</strong></span> <span class='ocrx_word' id='word_1_117' title='bbox 497 1328 680 1383; x_wconf 86' lang='lat' dir='ltr'><strong>Ilgenius</strong></span> <span class='ocrx_word' id='word_1_118' title='bbox 710 1328 828 1380; x_wconf 80' lang='lat' dir='ltr'><strong>dicit,</strong></span> <span class='ocrx_word' id='word_1_119' title='bbox 859 1325 1084 1370; x_wconf 75' lang='grc' dir='ltr'><em>ἀθανάτων</em></span> <span class='ocrx_word' id='word_1_120' title='bbox 1113 1325 1341 1386; x_wconf 81' lang='grc' dir='ltr'><em>εὐκόσμητα</em></span> <span class='ocrx_word' id='word_1_121' title='bbox 1386 1329 1626 1385; x_wconf 72' lang='grc' dir='ltr'><strong><em>προθύραια</em></strong></span> 
     </span>
     <span class='ocr_line' id='line_1_17' title="bbox 201 1398 1623 1458; baseline 0.001 -14"><span class='ocrx_word' id='word_1_122' title='bbox 201 1402 304 1444; x_wconf 87' lang='lat' dir='ltr'><strong>nihil</strong></span> <span class='ocrx_word' id='word_1_123' title='bbox 349 1414 440 1444; x_wconf 89' lang='lat' dir='ltr'><strong>esse</strong></span> <span class='ocrx_word' id='word_1_124' title='bbox 485 1401 609 1455; x_wconf 86' lang='lat' dir='ltr'><strong>quam</strong></span> <span class='ocrx_word' id='word_1_125' title='bbox 656 1401 909 1456; x_wconf 88' lang='lat' dir='ltr'><strong>periphrasin</strong></span> <span class='ocrx_word' id='word_1_126' title='bbox 963 1398 1146 1458; x_wconf 76' lang='grc' dir='ltr'><em>Οὐρανοῦ</em></span> <span class='ocrx_word' id='word_1_127' title='bbox 1194 1406 1240 1445; x_wconf 89' lang='lat' dir='ltr'><strong>ut</strong></span> <span class='ocrx_word' id='word_1_128' title='bbox 1287 1403 1396 1445; x_wconf 91' lang='lat' dir='ltr'><strong>idem</strong></span> <span class='ocrx_word' id='word_1_129' title='bbox 1427 1404 1482 1445; x_wconf 90' lang='lat' dir='ltr'><strong>sit</strong></span> <span class='ocrx_word' id='word_1_130' title='bbox 1502 1404 1623 1457; x_wconf 86' lang='lat' dir='ltr'><strong>atque</strong></span> 
     </span>
     <span class='ocr_line' id='line_1_18' title="bbox 200 1469 1627 1530; baseline 0.003 -16"><span class='ocrx_word' id='word_1_131' title='bbox 200 1472 327 1527; x_wconf 73' lang='lat' dir='ltr'><strong>„me</strong></span> <span class='ocrx_word' id='word_1_132' title='bbox 362 1472 543 1529; x_wconf 73' lang='grc' dir='ltr'><em>Οἷῖρανος</em></span> <span class='ocrx_word' id='word_1_133' title='bbox 570 1469 686 1529; x_wconf 79' lang='grc' dir='ltr'><em>εὖρύς</em></span> <span class='ocrx_word' id='word_1_134' title='bbox 714 1471 934 1530; x_wconf 67' lang='grc' dir='ltr'><strong>ὕπερθεν.ιι</strong></span> <span class='ocrx_word' id='word_1_135' title='bbox 958 1515 961 1518; x_wconf 92' lang='grc'><em>,</em></span> <span class='ocrx_word' id='word_1_136' title='bbox 992 1476 1104 1528; x_wconf 87' lang='lat' dir='ltr'><strong>Quae</strong></span> <span class='ocrx_word' id='word_1_137' title='bbox 1135 1488 1229 1518; x_wconf 88' lang='lat' dir='ltr'><strong>vero</strong></span> <span class='ocrx_word' id='word_1_138' title='bbox 1260 1476 1433 1518; x_wconf 84' lang='lat' dir='ltr'><strong>elocutio</strong></span> <span class='ocrx_word' id='word_1_139' title='bbox 1463 1477 1498 1518; x_wconf 85' lang='lat' dir='ltr'><strong>si</strong></span> <span class='ocrx_word' id='word_1_140' title='bbox 1528 1477 1627 1530; x_wconf 90' lang='lat' dir='ltr'><strong>quid</strong></span> 
     </span>
     <span class='ocr_line' id='line_1_19' title="bbox 207 1547 1622 1602; baseline 0.001 -13"><span class='ocrx_word' id='word_1_141' title='bbox 207 1547 292 1589; x_wconf 87' lang='lat' dir='ltr'><strong>veri</strong></span> <span class='ocrx_word' id='word_1_142' title='bbox 313 1548 493 1590; x_wconf 86' lang='lat' dir='ltr'><strong>continet</strong></span> <span class='ocrx_word' id='word_1_143' title='bbox 512 1548 598 1590; x_wconf 88' lang='lat' dir='ltr'><strong>tam</strong></span> <span class='ocrx_word' id='word_1_144' title='bbox 624 1549 810 1590; x_wconf 86' lang='lat' dir='ltr'><strong>contorta</strong></span> <span class='ocrx_word' id='word_1_145' title='bbox 828 1549 871 1591; x_wconf 90' lang='lat' dir='ltr'><strong>et</strong></span> <span class='ocrx_word' id='word_1_146' title='bbox 889 1549 1031 1591; x_wconf 86' lang='lat' dir='ltr'><strong>coacta</strong></span> <span class='ocrx_word' id='word_1_147' title='bbox 1057 1550 1137 1600; x_wconf 86' lang='lat' dir='ltr'><strong>est,</strong></span> <span class='ocrx_word' id='word_1_148' title='bbox 1168 1551 1215 1592; x_wconf 92' lang='lat' dir='ltr'><strong>ut</strong></span> <span class='ocrx_word' id='word_1_149' title='bbox 1244 1563 1268 1592; x_wconf 86' lang='lat' dir='ltr'><strong>a</strong></span> <span class='ocrx_word' id='word_1_150' title='bbox 1288 1551 1426 1591; x_wconf 87' lang='lat' dir='ltr'><strong>nostro</strong></span> <span class='ocrx_word' id='word_1_151' title='bbox 1457 1550 1622 1602; x_wconf 90' lang='lat' dir='ltr'><strong>quidem</strong></span> 
     </span>
    </p>
   </div>
   <div class='ocr_carea' id='block_1_8' title="bbox 134 1618 1622 1674">
    <p class='ocr_par' dir='ltr' id='par_1_8' title="bbox 134 1618 1622 1674">
     <span class='ocr_line' id='line_1_20' title="bbox 134 1618 1622 1674; baseline 0.003 -14"><span class='ocrx_word' id='word_1_152' title='bbox 134 1629 137 1631; x_wconf 64' lang='grc'>“</span> <span class='ocrx_word' id='word_1_153' title='bbox 204 1618 381 1672; x_wconf 81' lang='lat' dir='ltr'><strong>simplici</strong></span> <span class='ocrx_word' id='word_1_154' title='bbox 424 1620 546 1673; x_wconf 85' lang='lat' dir='ltr'><strong>poeta</strong></span> <span class='ocrx_word' id='word_1_155' title='bbox 591 1619 765 1662; x_wconf 86' lang='lat' dir='ltr'><strong>alienam</strong></span> <span class='ocrx_word' id='word_1_156' title='bbox 809 1620 962 1674; x_wconf 83' lang='lat' dir='ltr'><strong>putem.</strong></span> <span class='ocrx_word' id='word_1_157' title='bbox 1022 1621 1196 1664; x_wconf 84' lang='lat' dir='ltr'><strong>Versum</strong></span> <span class='ocrx_word' id='word_1_158' title='bbox 1239 1621 1381 1664; x_wconf 90' lang='lat' dir='ltr'><strong>deinde</strong></span> <span class='ocrx_word' id='word_1_159' title='bbox 1428 1622 1622 1664; x_wconf 82' lang='lat' dir='ltr'><strong>orationis</strong></span> 
     </span>
    </p>
   </div>
   <div class='ocr_carea' id='block_1_9' title="bbox 197 1691 1624 1967">
    <p class='ocr_par' dir='ltr' id='par_1_9' title="bbox 197 1691 1624 1967">
     <span class='ocr_line' id='line_1_21' title="bbox 199 1691 1622 1749; baseline 0.003 -16"><span class='ocrx_word' id='word_1_160' title='bbox 199 1691 425 1743; x_wconf 83' lang='lat' dir='ltr'><strong>proximum</strong></span> <span class='ocrx_word' id='word_1_161' title='bbox 465 1692 645 1735; x_wconf 85' lang='lat' dir='ltr'><strong>extremo</strong></span> <span class='ocrx_word' id='word_1_162' title='bbox 695 1693 856 1746; x_wconf 86' lang='lat' dir='ltr'><strong>qualem</strong></span> <span class='ocrx_word' id='word_1_163' title='bbox 894 1693 1153 1737; x_wconf 84' lang='lat' dir='ltr'><strong>Hermannus</strong></span> <span class='ocrx_word' id='word_1_164' title='bbox 1203 1695 1385 1737; x_wconf 85' lang='lat' dir='ltr'><strong>restituit</strong></span> <span class='ocrx_word' id='word_1_165' title='bbox 1426 1695 1622 1749; x_wconf 79' lang='lat' dir='ltr'><strong>legimus:</strong></span> 
     </span>
     <span class='ocr_line' id='line_1_22' title="bbox 198 1755 1624 1823; baseline 0.006 -21"><span class='ocrx_word' id='word_1_166' title='bbox 198 1764 296 1816; x_wconf 72' lang='lat' dir='ltr'><strong>„nal</strong></span> <span class='ocrx_word' id='word_1_167' title='bbox 322 1776 405 1804; x_wconf 84' lang='grc' dir='ltr'><strong>που</strong></span> <span class='ocrx_word' id='word_1_168' title='bbox 434 1760 514 1818; x_wconf 72' lang='grc' dir='ltr'><strong>ἐγὼ</strong></span> <span class='ocrx_word' id='word_1_169' title='bbox 541 1755 675 1820; x_wconf 66' lang='grc' dir='ltr'><strong><em>τούτῷ</em></strong></span> <span class='ocrx_word' id='word_1_170' title='bbox 702 1766 806 1811; x_wconf 79' lang='grc' dir='ltr'><em>τίσω</em></span> <span class='ocrx_word' id='word_1_171' title='bbox 834 1764 938 1810; x_wconf 66' lang='grc' dir='ltr'><em>ποτὲ</em></span> <span class='ocrx_word' id='word_1_172' title='bbox 965 1765 1088 1822; x_wconf 80' lang='grc' dir='ltr'><strong><em>νηλέα</em></strong></span> <span class='ocrx_word' id='word_1_173' title='bbox 1116 1765 1294 1823; x_wconf 50' lang='grc' dir='ltr'><strong>φώρηνίι,</strong></span> <span class='ocrx_word' id='word_1_174' title='bbox 1324 1768 1350 1810; x_wconf 90' lang='lat' dir='ltr'><strong>i.</strong></span> <span class='ocrx_word' id='word_1_175' title='bbox 1380 1779 1414 1811; x_wconf 86' lang='lat' dir='ltr'><strong>e.</strong></span> <span class='ocrx_word' id='word_1_176' title='bbox 1441 1767 1624 1821; x_wconf 84' lang='lat' dir='ltr'><strong>Apollini</strong></span> 
     </span>
     <span class='ocr_line' id='line_1_23' title="bbox 197 1825 1615 1894; baseline 0.004 -17"><span class='ocrx_word' id='word_1_177' title='bbox 197 1846 290 1877; x_wconf 85' lang='lat' dir='ltr'><strong>vero</strong></span> <span class='ocrx_word' id='word_1_178' title='bbox 338 1835 552 1890; x_wconf 87' lang='lat' dir='ltr'><strong>aliquando</strong></span> <span class='ocrx_word' id='word_1_179' title='bbox 601 1839 821 1890; x_wconf 84' lang='lat' dir='ltr'><strong>rependam</strong></span> <span class='ocrx_word' id='word_1_180' title='bbox 865 1839 971 1881; x_wconf 85' lang='lat' dir='ltr'><strong>antri</strong></span> <span class='ocrx_word' id='word_1_181' title='bbox 1008 1825 1374 1894; x_wconf 53' lang='lat' dir='ltr'><strong>&#39;investigationem</strong></span> <span class='ocrx_word' id='word_1_182' title='bbox 1421 1842 1615 1883; x_wconf 83' lang='lat' dir='ltr'><strong>odiosam.</strong></span> 
     </span>
     <span class='ocr_line' id='line_1_24' title="bbox 198 1899 1604 1967; baseline 0.006 -20"><span class='ocrx_word' id='word_1_183' title='bbox 198 1904 400 1960; x_wconf 87' lang='lat' dir='ltr'><strong>Antiquus</strong></span> <span class='ocrx_word' id='word_1_184' title='bbox 428 1908 555 1965; x_wconf 84' lang='lat' dir='ltr'><strong>igitur</strong></span> <span class='ocrx_word' id='word_1_185' title='bbox 583 1910 706 1965; x_wconf 84' lang='lat' dir='ltr'><strong>poeta</strong></span> <span class='ocrx_word' id='word_1_186' title='bbox 735 1923 783 1953; x_wconf 87' lang='lat' dir='ltr'><strong>ex</strong></span> <span class='ocrx_word' id='word_1_187' title='bbox 811 1922 903 1954; x_wconf 85' lang='lat' dir='ltr'><strong>mea</strong></span> <span class='ocrx_word' id='word_1_188' title='bbox 931 1910 1093 1965; x_wconf 89' lang='lat' dir='ltr'><strong>quidem</strong></span> <span class='ocrx_word' id='word_1_189' title='bbox 1122 1912 1323 1955; x_wconf 86' lang='lat' dir='ltr'><strong>sententia</strong></span> <span class='ocrx_word' id='word_1_190' title='bbox 1352 1899 1411 1955; x_wconf 81' lang='lat' dir='ltr'><strong>sic</strong></span> <span class='ocrx_word' id='word_1_191' title='bbox 1427 1912 1604 1967; x_wconf 83' lang='lat' dir='ltr'><strong>scripsit:</strong></span> 
     </span>
    </p>
   </div>
   <div class='ocr_carea' id='block_1_10' title="bbox 398 2008 1546 2193">
    <p class='ocr_par' dir='ltr' id='par_1_10' title="bbox 398 2008 1546 2193">
     <span class='ocr_line' id='line_1_25' title="bbox 399 2008 1479 2055; baseline 0.006 -15"><span class='ocrx_word' id='word_1_192' title='bbox 399 2017 430 2040; x_wconf 85' lang='lat' dir='ltr'><strong>v.</strong></span> <span class='ocrx_word' id='word_1_193' title='bbox 455 2008 532 2043; x_wconf 82' lang='lat'><strong>378.</strong></span> <span class='ocrx_word' id='word_1_194' title='bbox 554 2012 690 2044; x_wconf 77' lang='grc' dir='ltr'><strong><em>πείθεο·</em></strong></span> <span class='ocrx_word' id='word_1_195' title='bbox 712 2015 767 2045; x_wconf 77' lang='grc' dir='ltr'><strong>καὶ</strong></span> <span class='ocrx_word' id='word_1_196' title='bbox 788 2011 852 2055; x_wconf 80' lang='grc' dir='ltr'><strong>γὰρ</strong></span> <span class='ocrx_word' id='word_1_197' title='bbox 875 2009 969 2055; x_wconf 70' lang='grc' dir='ltr'>ἐμεῖο</span> <span class='ocrx_word' id='word_1_198' title='bbox 991 2012 1106 2055; x_wconf 77' lang='grc' dir='ltr'><strong><em>πατὴρ</em></strong></span> <span class='ocrx_word' id='word_1_199' title='bbox 1127 2011 1222 2054; x_wconf 79' lang='grc' dir='ltr'><strong><em>φίλος</em></strong></span> <span class='ocrx_word' id='word_1_200' title='bbox 1244 2015 1357 2055; x_wconf 70' lang='grc' dir='ltr'><strong>είχεαι</strong></span> <span class='ocrx_word' id='word_1_201' title='bbox 1380 2012 1479 2053; x_wconf 78' lang='grc' dir='ltr'><strong>εἶναι,</strong></span> 
     </span>
     <span class='ocr_line' id='line_1_26' title="bbox 398 2073 1546 2124; baseline 0.007 -17"><span class='ocrx_word' id='word_1_202' title='bbox 398 2083 430 2109; x_wconf 75' lang='lat' dir='ltr'><strong>v-</strong></span> <span class='ocrx_word' id='word_1_203' title='bbox 454 2073 531 2109; x_wconf 83' lang='lat'><strong>382.</strong></span> <span class='ocrx_word' id='word_1_204' title='bbox 555 2078 615 2111; x_wconf 74' lang='grc' dir='ltr'><strong>καί</strong></span> <span class='ocrx_word' id='word_1_205' title='bbox 635 2089 673 2111; x_wconf 85' lang='grc' dir='ltr'><strong>σε</strong></span> <span class='ocrx_word' id='word_1_206' title='bbox 696 2075 785 2123; x_wconf 76' lang='grc' dir='ltr'><strong>φιλῶ</strong></span> <span class='ocrx_word' id='word_1_207' title='bbox 807 2084 863 2112; x_wconf 69' lang='grc' dir='ltr'><strong>καὶ</strong></span> <span class='ocrx_word' id='word_1_208' title='bbox 883 2079 1004 2113; x_wconf 79' lang='grc' dir='ltr'><strong><em>τοῦτον</em></strong></span> <span class='ocrx_word' id='word_1_209' title='bbox 1029 2078 1206 2124; x_wconf 79' lang='grc' dir='ltr'><strong><em>ὀπίζομαι,</em></strong></span> <span class='ocrx_word' id='word_1_210' title='bbox 1230 2078 1336 2116; x_wconf 80' lang='grc' dir='ltr'><strong><em>οἶσθα</em></strong></span> <span class='ocrx_word' id='word_1_211' title='bbox 1359 2085 1414 2116; x_wconf 77' lang='grc' dir='ltr'><strong>καὶ</strong></span> <span class='ocrx_word' id='word_1_212' title='bbox 1436 2080 1546 2118; x_wconf 72' lang='grc' dir='ltr'><em>αἰτός.</em></span> 
     </span>
     <span class='ocr_line' id='line_1_27' title="bbox 402 2141 1475 2193; baseline 0.007 -19"><span class='ocrx_word' id='word_1_213' title='bbox 402 2150 433 2173; x_wconf 86' lang='lat' dir='ltr'><strong>v.</strong></span> <span class='ocrx_word' id='word_1_214' title='bbox 457 2141 535 2176; x_wconf 84' lang='lat'><strong>383.</strong></span> <span class='ocrx_word' id='word_1_215' title='bbox 560 2141 605 2179; x_wconf 74' lang='grc' dir='ltr'><strong>ὥς</strong></span> <span class='ocrx_word' id='word_1_216' title='bbox 627 2141 723 2178; x_wconf 72' lang='grc' dir='ltr'><strong>δὀὐκ</strong></span> <span class='ocrx_word' id='word_1_217' title='bbox 745 2145 853 2182; x_wconf 71' lang='grc' dir='ltr'><strong>αἴτιός</strong></span> <span class='ocrx_word' id='word_1_218' title='bbox 874 2150 944 2190; x_wconf 83' lang='grc' dir='ltr'><strong>εὶμι</strong></span> <span class='ocrx_word' id='word_1_219' title='bbox 965 2148 1073 2192; x_wconf 71' lang='grc' dir='ltr'>μέγαν</span> <span class='ocrx_word' id='word_1_220' title='bbox 1095 2145 1341 2192; x_wconf 74' lang='grc' dir='ltr'><strong>γ’ἐπιδώσομαι</strong></span> <span class='ocrx_word' id='word_1_221' title='bbox 1365 2147 1475 2193; x_wconf 80' lang='grc' dir='ltr'><strong><em>ὅρκον·</em></strong></span> 
     </span>
    </p>
   </div>
   <div class='ocr_carea' id='block_1_11' title="bbox 399 2208 1404 2261">
    <p class='ocr_par' dir='ltr' id='par_1_11' title="bbox 399 2208 1404 2261">
     <span class='ocr_line' id='line_1_28' title="bbox 399 2208 1404 2261; baseline 0.009 -20"><span class='ocrx_word' id='word_1_222' title='bbox 399 2217 428 2241; x_wconf 81' lang='lat' dir='ltr'><strong>v.</strong></span> <span class='ocrx_word' id='word_1_223' title='bbox 455 2208 532 2244; x_wconf 86' lang='lat'><strong>385.</strong></span> <span class='ocrx_word' id='word_1_224' title='bbox 557 2213 616 2246; x_wconf 70' lang='grc' dir='ltr'><strong>καί</strong></span> <span class='ocrx_word' id='word_1_225' title='bbox 636 2223 704 2246; x_wconf 84' lang='grc' dir='ltr'><strong>που</strong></span> <span class='ocrx_word' id='word_1_226' title='bbox 728 2211 790 2257; x_wconf 67' lang='lat' dir='ltr'><strong>tyn&gt;</strong></span> <span class='ocrx_word' id='word_1_227' title='bbox 813 2212 921 2257; x_wconf 76' lang='grc' dir='ltr'><strong><em>τούτῳ</em></strong></span> <span class='ocrx_word' id='word_1_228' title='bbox 943 2215 1024 2248; x_wconf 79' lang='grc' dir='ltr'><strong><em>τίσω</em></strong></span> <span class='ocrx_word' id='word_1_229' title='bbox 1046 2214 1131 2248; x_wconf 76' lang='grc' dir='ltr'><em>ποτὲ</em></span> <span class='ocrx_word' id='word_1_230' title='bbox 1154 2214 1254 2258; x_wconf 80' lang='grc' dir='ltr'><strong><em>νηλέα</em></strong></span> <span class='ocrx_word' id='word_1_231' title='bbox 1279 2216 1404 2261; x_wconf 73' lang='grc' dir='ltr'><strong><em>φώρην.</em></strong></span> 
     </span>
    </p>
   </div>
   <div class='ocr_carea' id='block_1_12' title="bbox 699 2469 1126 2488">
    <p class='ocr_par' dir='ltr' id='par_1_12' title="bbox 699 2469 1126 2488">
     <span class='ocr_line' id='line_1_29' title="bbox 699 2469 1126 2488; baseline 0 -11"><span class='ocrx_word' id='word_1_232' title='bbox 699 2473 706 2477; x_wconf 92' lang='grc'><em>.</em></span> <span class='ocrx_word' id='word_1_233' title='bbox 719 2469 1036 2488; x_wconf 20' lang='grc' dir='ltr'><strong>,Ἥοᾲήῂ-</strong></span> <span class='ocrx_word' id='word_1_234' title='bbox 1058 2478 1126 2482; x_wconf 35' lang='grc' dir='ltr'><strong>,κ</strong></span> 
     </span>
    </p>
   </div>
   <div class='ocr_carea' id='block_1_13' title="bbox 1864 0 1967 254">
    <p class='ocr_par' dir='ltr' id='par_1_13' title="bbox 1864 0 1967 254">
     <span class='ocr_line' id='line_1_30' title="bbox 1864 0 1967 254; baseline 0 2851"><span class='ocrx_word' id='word_1_235' title='bbox 1864 0 1967 254; x_wconf 95' lang='lat' dir='ltr'><strong> </strong></span> 
     </span>
    </p>
   </div>
  </div>
 </body>
</html>
