1967 3105
949 194 1008 242 32

264 328 470 370 maturum
500 338 592 369 esse
621 339 702 369 non
750 325 958 382 pollicitus
1007 327 1139 378 esset,
1163 326 1376 382 Apollinis
1423 327 1692 385 suspicionem

264 400 351 441 sine
382 398 505 443 dubio
535 400 741 450 auxisset3.
766 399 994 442 Mercurius
1024 401 1163 443 autem
1191 399 1299 444 haud
1329 400 1491 455 ignorat
1519 404 1694 457 promis-

265 484 377 522 sum,
428 473 524 515 nam
553 473 699 526 postea
727 473 891 514 coactus
921 472 1055 514 iurare
1085 485 1190 514 nova
1217 473 1369 515 fraude
1418 486 1461 516 se
1506 475 1691 519 involvit.

263 544 348 595 En,
377 544 550 587 mirifica
571 545 676 598 epici
704 546 849 600 poetae
879 556 962 595 arS,
995 545 1064 599 qui
1094 545 1201 598 quod
1232 545 1311 587 sibi
1340 547 1552 599 proposuit
1580 547 1696 592 asim-

264 616 368 659 tiam
399 617 442 660 et
467 617 675 673 ingenium
705 616 899 660 Mercurii
935 628 1123 660 enarrare
1168 617 1272 660 scite
1302 617 1345 661 et
1382 618 1569 663 accurate
1598 631 1693 675 per-

266 692 463 744 sequitur.
530 691 674 744 Itaque
724 691 870 744 poetae
914 690 1129 732 consilium
1183 702 1263 732 non
1306 691 1578 744 perspiciunt,
1622 693 1693 746 qui
1711 739 1720 744 ‚

269 774 435 805 versum
464 764 547 805 256
579 764 694 805 textu
725 762 956 812 removent3
987 762 1188 804 assentior
1214 761 1466 814 Hermanno,
1494 763 1570 805 hos
1599 776 1691 806 ver-

263 846 332 876 sus
378 837 473 876 tam
513 835 750 890 conspicuos
785 847 874 877 esse
904 834 1055 876 veteris
1074 833 1315 889 ,elegantiae
1364 835 1520 886 nitore,
1565 837 1612 878 ut
1655 837 1692 878 si

263 907 485 961 quidquam
520 907 564 949 in
602 908 678 950 hoc
706 905 854 963 lfymno
883 918 956 963 pro
987 906 1284 962 antiquissimis
1314 906 1487 949 habendi
1518 908 1613 950 sint.
1634 932 1691 937 —-

404 980 538 1023 Locus
583 980 654 1036 qui
717 981 901 1036 sequitur
959 980 1058 1035 (vss.
1111 972 1380 1035 313—408)
1410 992 1435 1022 a
1482 981 1690 1024 nonnullis

262 1053 556 1107 interpretibus
593 1054 644 1095 ad
674 1067 866 1109 magnam
909 1053 1067 1107 partem
1106 1065 1180 1107 pro
1225 1053 1362 1108 spurio
1405 1052 1569 1109 habitus
1612 1058 1688 1097 est.

263 1126 417 1167 Narrat
464 1127 587 1179 poeta
636 1127 853 1180 utrumque
884 1126 1005 1168 deum
1053 1126 1268 1180 postquam
1299 1126 1351 1168 ad
1376 1126 1515 1168 Iovem
1545 1138 1689 1180 perve-

186 1187 190 1194 ’
261 1198 425 1248 nerunt,
456 1196 574 1240 litem
605 1210 720 1241 suam
750 1197 1058 1252 disceptandam
1086 1198 1324 1252 protulisse:
1347 1197 1521 1253 primum
1538 1198 1688 1258 Apollo

260 1271 394 1325 planis
421 1271 554 1312 verbis
576 1271 821 1313 Mercurium
849 1270 948 1312 furti
978 1270 1115 1325 arguit
1145 1271 1198 1325 (v.
1230 1272 1334 1313 340:
1392 1270 1578 1324 ,,κλέψας
1606 1267 1689 1312 δ’ἐκ

259 1343 459 1397 λειιιιῦνος
488 1340 591 1396 ἐμᾶς
618 1346 717 1397 βοῦς
746 1340 849 1398 ᾤχετ
878 1339 1111 1396 ’ἐλαύνωνιῦ
1142 1343 1351 1396 totamque
1378 1356 1467 1386 rem
1512 1344 1685 1395 enarrat,

263 1416 566 1473 praetermissis
596 1417 852 1471 gravissimis
883 1416 1037 1466 causis,
1068 1428 1168 1470 quas
1188 1415 1433 1467 MercuriuS,
1464 1416 1511 1457 ut
1539 1416 1686 1475 pioba-

262 1494 327 1531 ret
357 1503 400 1531 se
430 1488 582 1531 furtum
615 1502 692 1531 non
725 1490 995 1537 commisisse,
1028 1501 1149 1543 supra
1179 1502 1215 1530 v.
1248 1491 1329 1530 295
1361 1490 1403 1530 et
1433 1490 1516 1531 274
1545 1490 1715 1547 attulit,

261 1574 444 1616 quasque
476 1560 641 1604 maximi
670 1562 866 1605 momenti
897 1573 984 1605 esse
1016 1562 1094 1604 sibi
1123 1573 1361 1617 persuasum
1393 1563 1474 1613 est,
1507 1563 1549 1605 et
1577 1562 1685 1606 iusto

259 1636 442 1688 tempore
484 1646 607 1687 penes
638 1636 777 1676 lovem
825 1635 987 1689 repetit.
1047 1635 1126 1675 Hic
1172 1647 1265 1676 vero
1294 1634 1496 1676 Mercurio
1541 1634 1688 1676 callide

259 1707 516 1763 palpebranti
545 1706 653 1749 haud
669 1707 936 1762 itamagnam
959 1706 1079 1749 fidem
1095 1706 1247 1749 habens
1264 1720 1357 1749 eum
1372 1706 1487 1748 iubet
1505 1705 1688 1767 Apollini

262 1793 342 1833 quo
374 1780 497 1821 boves
529 1780 734 1821 abdiderit
777 1780 1003 1822 ostendere.
1063 1779 1171 1821 Iovis
1219 1780 1328 1821 iusso
1373 1780 1416 1821 et
1455 1779 1686 1821 auctoritati

260 1853 532 1906 obsequentes
563 1852 615 1894 ad
631 1851 837 1907 Alpheum
873 1852 1182 1907 proficiscuntur
1221 1852 1263 1894 et
1282 1851 1508 1893 Mercurius
1536 1864 1583 1893 ex
1613 1847 1686 1894 ani

262 1926 326 1966 tro
358 1925 480 1968 boves
508 1925 550 1966 in
580 1924 712 1966 lucem
742 1925 941 1979 producit.
1002 1925 1117 1967 Hanc
1155 1925 1428 1967 narrationem
1465 1925 1578 1966 cuius
1613 1925 1685 1967 ad-

261 1998 538 2040 umbravimus
568 1999 852 2052 argumentum
873 2000 994 2052 poeta
1030 2011 1109 2051 qua
1134 2011 1208 2052 par
1235 1999 1299 2039 est
1329 1997 1444 2052 opica
1473 1997 1688 2052 diligentia

195 2088 201 2091 ·
257 2073 444 2112 accurate
486 2073 636 2128 et‘non
685 2082 904 2125 numquam
940 2058 1121 2117 verbose*
1142 2069 1340 2121 exhibuit,
1390 2082 1518 2124 neque
1568 2070 1686 2112 defu-

257 2146 376 2186 emnt
405 2129 474 2198 qui
501 2144 576 2186 hoc
608 2143 701 2185 illic·
721 2145 883 2198 poetam
912 2132 1033 2186 aliter
1062 2142 1210 2186 dixisse
1240 2143 1423 2185 mallent.
1481 2142 1560 2185 His
1584 2142 1699 2202 locis*

257 2201 547 2260 adnumerandi
591 2217 687 2259 sunt
716 2228 797 2258 vss.
831 2217 983 2258 313——
1004 2217 1108 2265 321,
1155 2215 1300 2269 quibus
1346 2216 1527 2258 nonnulli
1576 2214 1685 2257 recte

258 2290 513 2332 offenderunt
544 2289 594 2331 ob
626 2290 769 2331 duram
815 2290 858 2330 et
907 2290 1136 2331 contortam
1185 2284 1449 2330 orationem.'
1483 2280 1686 2340 Quantam

258 2361 538 2418 negligentem
568 2363 610 2403 et
638 2361 836 2403 incultam
867 2361 1085 2403 dictionem
1115 2362 1201 2403 tota
1232 2360 1527 2403 sententiarum
1570 2360 1685 2401 iunc-

257 2438 351 2476 tuia
398 2435 585 2487 praebet,
619 2447 743 2488 quam
781 2447 896 2476 nemo
929 2435 1086 2488 epicam
1116 2433 1181 2482 rel
1211 2447 1258 2476 ex
1288 2432 1566 2475 familiaritate
1615 2444 1685 2473 co-

257 2507 413 2550 tidiana
441 2507 580 2550 natam
626 2507 823 2560 opinetur.
898 2507 1073 2549 Versum
1104 2506 1185 2549 313
1236 2505 1383 2560 excipit
1412 2519 1449 2547 v.
1509 2505 1613 2555 320,
1645 2503 1687 2545 et

256 2593 358 2634 quae
395 2580 635 2622 interiacent
666 2581 840 2622 multum
867 2580 1022 2623 distant
1052 2593 1076 2622 a
1101 2579 1393 2636 perspicuitate
1425 2579 1468 2621 et
1497 2569 1684 2621 accurato
1708 2586 1712 2589 ’

255 2654 413 2705 ordine,
445 2666 539 2696 nam
570 2666 696 2711 quum
738 2653 938 2709 coepisset
966 2655 1086 2707 poeta
1123 2653 1257 2696 dicere
1286 2648 1470 2706 ,,,,αὐτᾶρ
1500 2648 1592 2691 ἐπεὶ
1630 2648 1684 2689 τά

255 2725 407 2768 {inacta
438 2711 654 2782 διαῤῥῆδην
682 2723 874 2780 ἐρέεινενα
905 2739 1022 2769 nemo
1058 2739 1138 2770 non
1168 2726 1486 2778 exspectatam
1515 2724 1575 2765 sic
1598 2722 1682 2763 fere
