1967 3105
885 185 912 230 8

187 314 384 377 quinque
418 318 525 365 sunt
558 331 667 378 quos
700 317 850 365 forsan
874 317 1035 378 aliquis
1058 316 1342 379 praeludendi
1366 331 1497 369 causa
1530 336 1617 371 non

188 405 409 454 confectos
443 420 539 455 esse
580 407 775 464 censeat;
817 406 921 454 sunt
955 406 1118 469 ¹hymni
1152 407 1198 455 in
1233 405 1482 468 Apollinem
1518 410 1617 467 duo,

190 493 236 543 in
285 494 566 555 Mercurium,
618 496 665 543 in
708 496 922 545 Venerem
975 497 1022 544 et
1066 497 1113 544 in
1158 496 1376 555 Cererem,
1426 500 1624 547 carmina

126 636 129 638 ,
191 582 319 645 epica
353 598 433 645 per
467 598 516 633 se
552 585 757 634 absoluta
791 586 838 635 et
871 585 1000 635 finita
1053 586 1194 646 adque
1245 584 1353 633 artis
1388 589 1621 648 praecepta

190 676 392 722 accurate
436 668 626 736 digesta
668 678 714 723 et
754 675 998 734 elaborata,
1043 689 1196 736 >quum
1256 675 1402 723 omnia
1452 676 1622 725 minora

195 762 391 812 carmina
436 763 644 824 prooemii
691 778 810 812 more
864 767 910 812 et
949 765 1131 827 legibus
1174 765 1445 813 conformata
1501 767 1617 813 sunt.

191 852 280 900 Vix
322 853 470 901 autem
506 832 733 915 nrobabile
776 853 950 902 videtur
990 854 1071 903 hos
1112 852 1298 902 maiores
1339 853 1523 916 hymnos
1557 854 1619 901 fe-

190 941 274 990 stis
309 940 463 990 diebus
498 942 545 995 in
580 942 789 990 honorem
814 924 1007 1001 deorum,
1044 957 1229 1003 quorum
1263 943 1416 990 laudes
1450 942 1620 1003 praedi-

188 1033 366 1087 carunt,
420 1030 690 1093 arhapsodis
728 1030 935 1080 recitatos
981 1012 1100 1081 esse¹
1131 1033 1253 1080 nullo
1301 1030 1491 1080 carmine
1540 1031 1618 1078 ad—

189 1106 357 1178 iuncto,
393 1118 458 1168 ita
491 1122 543 1168 ut
575 1120 835 1182 rhapsodias
869 1120 1008 1182 ipsius
1038 1123 1180 1170 locum
1204 1121 1466 1169 obtinerent.
1535 1119 1616 1168 Mi-

190 1223 287 1258 rum
323 1208 440 1258 enim
474 1224 544 1257 me
591 1209 748 1269 habet,
784 1211 900 1272 quod
943 1210 991 1261 hi
1031 1211 1216 1260 maiores
1259 1224 1428 1271 quoque
1468 1209 1620 1270 hymni

194 1298 396 1349 formulis
431 1298 684 1349 solennibus
703 1300 990 1359 clauduntur,
1025 1303 1077 1350 ut
1097 1300 1249 1363 hymni
1284 1300 1331 1348 in
1354 1298 1621 1360 Apollinem,

190 1388 238 1437 in
254 1389 516 1439 Mercurium
539 1390 586 1437 et
608 1388 653 1438 in
674 1389 884 1440 Cererem:
919 1390 1049 1452 αὐτὰρ
1079 1393 1159 1451 ἐγώ
1186 1395 1256 1437 καὶ
1283 1400 1368 1436 σεῖο
1396 1394 1466 1435 καὶ
1494 1391 1622 1450 ἄλλης

187 1479 364 1540 μνήσομ’
393 1479 575 1539 ἅοιὸῆς,“’
601 1479 788 1540 hymnus
832 1479 880 1530 in
915 1480 1148 1529 Venerem:
1197 1486 1305 1541 „0⁶13
1345 1479 1464 1538 δ’ἕγώ
1494 1478 1622 1537 ἀρξά-

188 1586 313 1626 μενος
339 1573 627 1630 μεταβήσομαι
654 1572 781 1617 ἄλλον
809 1572 853 1625 ἐς
879 1573 1040 1629 ῧμνον,“
1079 1583 1327 1631 quanquam
1349 1583 1405 1616 ex
1417 1568 1488 1616 his
1504 1568 1622 1615 clau-

191 1659 304 1708 sulis
337 1658 590 1709 coniectura
624 1661 734 1710 satis
770 1663 889 1710 certa
923 1660 1022 1710 duci
1057 1659 1234 1721 nequit;
1270 1672 1373 1708 nam
1408 1651 1507 1718 quis
1542 1670 1621 1718 pro

194 1752 313 1801 certo
370 1749 562 1800 affirmet
621 1751 910 1813 rhapsodum,
968 1750 1222 1812 priusquam
1258 1748 1464 1797 carminis
1509 1746 1620 1825 epici

194 1840 311 1900 quod
369 1839 647 1891 recitationis,
689 1843 822 1904 caput
868 1842 1005 1900 esset,
1054 1839 1312 1903 particulam
1358 1837 1623 1893 decantaret,

193 1929 461 1991 prooemium
497 1919 782 1979 ducentorum
804 1931 875 1978 vel
900 1930 1186 1991 complurium
1208 1941 1410 1976 versuum
1435 1917 1622 1987 praemiss
1654 1948 1663 1954 ,

192 2019 320 2079 sisse,
357 2034 442 2081 quo
477 2034 577 2069 eum
621 2020 844 2070 auditores
884 2020 1026 2081 magis
1071 2017 1340 2080 defatigasse
1382 2029 1512 2076 quam
1550 2015 1623 2062 de-

195 2110 385 2159 lectasse
419 2124 678 2171 persuasum
718 2110 871 2160 habeo.
962 2107 1196 2160 matthiaei
1239 2105 1459 2159 sententia
1521 2104 1653 2154 illas.
1707 2102 1710 2105 ’

197 2200 419 2255 clausulas
453 2201 511 2250 ab
546 2199 602 2249 iis
637 2198 713 2261 qui
747 2199 933 2262 hymnos
956 2198 1203 2260 recitabant
1236 2211 1316 2258 pro
1351 2210 1398 2244 re
1433 2209 1484 2248 ac
1517 2196 1625 2243 tem-

199 2303 305 2353 pore
341 2288 508 2348 allitaS,
541 2289 726 2338 fortasse
760 2289 896 2339 etiam
931 2302 958 2338 a
991 2286 1184 2338 librariis
1219 2287 1275 2335 ad
1318 2291 1483 2334 omnes·
1503 2285 1626 2347 hym-

201 2393 283 2429 nos
313 2379 555 2429 2traductas
596 2393 692 2430 esse
734 2378 865 2429 iustis
917 2378 1078 2429 causis.
1110 2378 1248 2435 caret,
1292 2375 1356 2423 ita
1390 2373 1626 2422 tenendum

198 2467 308 2516 mihi
342 2467 517 2518 videtur
551 2467 738 2538 maiores
773 2482 945 2530 quoque
978 2468 1163 2539 hymnos
1198 2464 1438 2520 carminum
1453 2462 1625 2512 „Home-

199 2574 347 2611 corum
384 2558 630 2608 recitationi
650 2559 798 2622 ⁴vulgo
833 2571 929 2608 esse
963 2556 1196 2619 praefixos,
1230 2583 1299 2592 --
