1967 3105
985 163 1042 208 17

408 295 458 337 In
488 303 608 336 versu
639 294 695 335 24
742 293 931 335 narratur
959 291 1201 343 Mercurius,
1233 293 1302 345 qui
1352 294 1466 335 antro
1507 304 1696 348 egressus

271 368 479 423 Apollinis
502 367 622 410 boves
637 363 905 420 requisiturus
926 365 1007 418 est,
1028 364 1228 408 invenisse
1249 364 1525 409 testudinem:
1564 363 1696 420 „ma

270 441 388 494 χέλυν
430 435 557 494 εὖρών
599 435 796 493 ἐκτήσατο
839 440 986 493 μυρίον
1024 435 1184 492 ὄλβον,“
1231 451 1309 492 quo
1364 450 1485 481 versu
1532 441 1694 492 poetam

270 512 452 556 alludere
481 509 701 566 praeclaris
731 509 847 552 donis
860 542 870 560 ‚
898 522 1001 564 quae
1027 510 1254 553 Mercurius
1302 512 1464 566 postero
1513 508 1695 565 tenipore

270 586 321 628 ab
332 584 522 638 Apolline
532 582 692 643 accipit,
707 582 1031 627 Schneidewinus
1042 585 1167 638 negat
1187 595 1310 637 quum
1322 584 1495 626 elocutio
1525 582 1697 639 „inventost

270 653 415 711 ὄλβον(
434 656 556 700 nimis
577 656 747 699 obseura
767 655 810 698 et
823 655 910 699 lata
922 655 991 698 sit.
1025 655 1106 700 Sed
1125 656 1166 698 id
1186 655 1322 710 ipsum
1340 668 1531 711 magnam
1551 658 1694 712 poetae

203 756 206 760 -
269 730 400 773 atem
416 728 592 771 dilucide
623 728 779 782 prod-it,
797 740 891 770 nam
908 728 945 770 si
956 728 1130 771 hocloco
1142 728 1360 776 narrasset,
1378 728 1486 782 quod
1505 728 1611 770 infra
1622 742 1693 771 ex-

263 802 471 858 -plicarein
491 802 625 843 animo
636 801 789 850 habuit,
812 800 957 843 natura
975 801 1216 855 narrationis
1226 801 1465 855 epicaeipsa
1484 801 1693 856 perverte-

272 864 396 924 retur,
415 874 562 928 quippe
580 865 686 927 quae
705 882 995 928 saepenumero
1023 874 1144 916 modo
1159 873 1336 916 latenter
1347 873 1548 928 attingere
1564 873 1694 916 soleat

257 946 420 990 .futura.
480 946 631 989 Errant
646 958 744 989 sane
764 946 832 1000 qui
862 946 928 988 hic
958 947 1139 1001 cogitent
1168 946 1218 989 de
1247 945 1450 1002 Apollinis
1481 946 1618 988 verbis
1653 946 1695 988 in

271 1032 392 1061 versu
414 1019 507 1061 529:
529 1014 685 1074 ,,αὖτάρ
707 1015 1012 1074 ἔπειταὌλβου
1026 1018 1299 1061 καὶπλούτου
1314 1017 1434 1060 δώσω
1447 1017 1693 1074 περικᾶλλεα

269 1091 471 1147 ῥαβδόν”,
498 1104 635 1145 quum,
658 1092 706 1133 ut
733 1092 839 1134 infra
873 1091 1260 1142 demonstrabimus,
1291 1094 1380 1134 tota
1392 1091 1467 1150 illa
1497 1091 1690 1134 carminis

275 1176 370 1218 pars
391 1165 593 1218 suspecta,
614 1176 664 1206 ne
686 1164 816 1207 dicam
848 1164 1097 1215 adulterina,
1118 1163 1195 1207 sit.
1257 1163 1363 1216 Quid
1392 1165 1529 1207 autem
1555 1164 1691 1206 obstat

268 1236 392 1279 verba
413 1238 585 1292 ,,μυρίον
601 1232 749 1289 ἄζρὀν(ι
777 1236 926 1279 referre
953 1236 1006 1278 ad
1021 1237 1142 1279 boum
1163 1237 1323 1286 donum,
1345 1249 1446 1290 quas
1466 1235 1692 1278 Mercurius

247 1344 252 1348 .
267 1320 340 1361 pro
356 1309 448 1363 lyra
460 1306 611 1363 accipit
618 1311 673 1364 (v.
683 1310 763 1351 503
769 1309 860 1363 sq.);
872 1310 1011 1357 tantus
1027 1309 1133 1352 enim
1145 1310 1265 1352 boum
1276 1322 1373 1363 grex
1389 1322 1414 1350 a
1424 1308 1560 1350 vetere
1572 1308 1693 1362 poeta

269 1389 428 1423 summo
457 1381 544 1424 iure
573 1393 646 1436 pro
678 1381 831 1424 divitiis
848 1381 1012 1424 habitus
1043 1384 1118 1424 est.
1177 1381 1433 1422 Hermannus
1454 1381 1497 1421 in
1515 1381 1688 1435 praefat.

268 1454 508 1508 hymnorum
553 1455 630 1498 hac
672 1456 715 1497 in
762 1454 918 1497 ratione
966 1457 1087 1510 poeta
1134 1455 1443 1509 perversitatem
1489 1453 1691 1508 quandam

266 1527 401 1569 inesse
435 1528 551 1578 dicit,
584 1541 706 1583 quum
733 1529 854 1571 boves
896 1530 1063 1582 quaerat
1086 1528 1318 1577 >Mercurius
1355 1529 1397 1569 et
1441 1528 1577 1569 tamen
1623 1539 1691 1569 eas

273 1601 565 1653 non-quaerit,
598 1601 674 1643 sed
699 1602 896 1642 citharam
928 1601 1042 1650 sacit;
1073 1601 1197 1656 etiam
1217 1599 1404 1649 offendit,
1437 1600 1543 1654 quod
1569 1601 1694 1653 poeta

272 1670 322 1712 de
352 1670 442 1726 lyra
467 1672 634 1715 inventa
662 1673 738 1715 tali
766 1673 886 1715 modo
915 1673 1055 1715 narrat
1098 1684 1269 1727 eumque
1312 1671 1528 1727 aliquando
1571 1672 1692 1715 aliter

267 1742 343 1785 hac
373 1744 422 1786 de
452 1757 496 1787 re
528 1745 659 1787 dicere
687 1745 869 1799 coepisse
895 1745 1024 1798 putat.
1083 1745 1285 1798 Equidem
1303 1746 1459 1795 nescio,
1491 1744 1689 1800 quomodo

266 1817 396 1867 poeta*
412 1817 547 1870 aptius
577 1818 629 1859 ad
658 1817 771 1871 lyrae
797 1818 1070 1860 inventionem
1099 1817 1272 1860 transire
1321 1818 1517 1873 potuerit,
1568 1829 1690 1870 quam

267 1887 303 1929 si
332 1888 581 1932 Mercurium
617 1891 824 1934 testudine
868 1890 1031 1933 sublata
1076 1889 1119 1942 et
1166 1890 1310 1932 necata
1355 1890 1497 1933 statim
1528 1903 1549 1933 e
1579 1890 1689 1933 testa

266 1960 396 2014 lyram
417 1961 496 2003 sibi
512 1963 792 2006 conficientem
812 1964 945 2013 finxit,
975 1963 1180 2018 igiturque
1201 1964 1364 2017 poetam
1392 1963 1551 2017 epicum
1575 1963 1687 2004 recte

267 2033 327 2075 sic
374 2047 559 2078 narrasse
599 2048 761 2085 censeo3
812 2036 931 2078 aliter
980 2048 1076 2078 sane
1104 2035 1377 2090 Apollodorus
1426 2048 1513 2078 rem
1532 2035 1687 2085 retulit,

268 2104 338 2157 qui
367 2105 537 2148 eandem
561 2107 645 2150 fere
676 2108 725 2150 de
755 2107 982 2150 Mercurius
1030 2107 1302 2150 narrationem
1350 2107 1524 2149 tradidit
1564 2108 1687 2162 atque

266 2177 388 2229 poeta
415 2178 572 2230 noster,
619 2181 783 2234 excepto
827 2192 997 2233 excursu
1043 2181 1092 2223 de
1139 2180 1305 2222 inventa
1348 2181 1514 2229 cithara,
1565 2193 1686 2234 quam

266 2248 540 2302 Apollodorus
570 2264 595 2294 a
624 2252 825 2295 Mercurio
851 2253 945 2308 post
971 2252 1094 2295 boves
1125 2253 1290 2294 abactas
1321 2253 1526 2294 inventam
1574 2252 1682 2302 facit.

198 2357 200 2359 .
267 2321 353 2363 sine
383 2322 504 2365 dubio
535 2325 629 2378 quia
658 2325 760 2367 tunc
785 2326 968 2376 demum,
1010 2325 1165 2367 duabus
1200 2324 1336 2370 bubus,
1380 2325 1588 2374 mactatis,
1619 2325 1684 2366 iu-

266 2393 400 2447 telligi
429 2396 582 2448 potest,
614 2398 720 2440 unde
749 2397 821 2440 ille
857 2398 1026 2440 chordas
1071 2398 1303 2452 sumpserit.
1315 2398 1341 2451 ¹)
1429 2396 1541 2449 Quae
1589 2410 1684 2440 nar·
1727 2461 1735 2467 .

374 2588 377 2589 ⁷
405 2549 429 2593 ¹)
447 2544 499 2584 Of.
509 2551 626 2595 Apoll.
633 2552 695 2592 111,
707 2552 798 2592 103:
816 2550 988 2597 ,,(Ἑρμῆς)
1000 2553 1126 2595 ταχέως
1141 2549 1188 2589 εἰς
1202 2550 1378 2595 Κυλλήνην
1389 2549 1492 2594 ᾤχετο
1505 2555 1559 2584 καὶ
1575 2549 1683 2595 eupiu-

265 2614 318 2636 κει
328 2605 398 2649 πρὸ
407 2607 479 2646 τοῦ
490 2604 613 2651 ἄντρου
627 2609 816 2652 νεμομένην
830 2607 984 2651 χελώνην.
1010 2625 1013 2633 ·
1038 2607 1170 2651 Ταύτην
1186 2606 1378 2652 ἐκκαθάρας
1401 2606 1448 2643 εἰς
1463 2608 1504 2640 τὸ
1516 2606 1592 2641 urite
1604 2606 1683 2650 κάρ·

265 2657 328 2696 δας
350 2658 495 2699 ἐντείνας
518 2660 553 2703 ἕξ
574 2658 623 2697 ὦν
654 2664 754 2700 ἔθυσε
784 2665 876 2710 βοῶν
908 2669 964 2699 καὶ
998 2662 1222 2710 ἐργασάμενος
1251 2662 1355 2710 λύραν
1388 2658 1462 2708 εἶρε
1488 2666 1543 2697 καὶ
1576 2660 1682 2696 πλὴ-

266 2720 379 2759 τρον.“
1722 2720 1725 2722 ’
