1967 3105
987 208 1046 254 16

299 349 464 383 versum
504 338 680 382 retinere
721 339 822 390 vult,
860 339 898 380 ei
941 338 1091 381 suadeo
1129 337 1348 393 legendum
1385 338 1501 393 μέσῳ
1529 334 1661 395 ἤματι
1683 334 1736 383 εὖ

297 411 510 468 κιθάριζεν
528 412 555 467 ¹)
587 425 635 472 ex
664 425 758 456 mea
787 411 948 466 quidem
968 411 1182 454 ‘sententia
1212 411 1255 454 hi
1292 408 1379 454 tres
1409 422 1552 456 versus
1581 424 1604 456 e
1632 423 1730 458 oon·
1800 405 1803 409 ’

299 485 418 528 textu
466 484 677 528 reiiciendi
706 485 821 536 sunt,
874 496 1000 538 quum
1043 495 1209 537 prorsus
1251 484 1540 539 supervacanei
1574 485 1658 528 sint
1687 488 1730 529 et

300 558 560 612 grammatici
589 559 632 600 in
668 557 882 601 sententiis
913 556 1118 600 variandis
1158 556 1424 600 sedulitatem
1453 556 1630 601 dilucide
1659 571 1728 602 os-

300 627 483 673 tendant.
513 653 572 660 —

436 702 688 746 Matthiaens
720 704 762 746 et
781 702 1054 755 Hei-mannus,
1086 715 1188 757 quos
1217 702 1448 756 nuperrime
1470 703 1633 746 secutus
1664 704 1729 747 est

299 775 493 826 Groviu8‚
531 787 580 818 ea
608 788 710 830 quae
738 777 958 818 narrantur
1002 775 1052 818 de
1081 775 1172 830 lyra
1201 788 1222 818 e
1251 775 1471 818 testudinis
1519 776 1729 831 putamine

299 848 466 891 inventa
494 846 636 890 deleri'
651 847 809 900 volunt,
839 848 1016 904 primum
1047 847 1154 902 quod
1180 847 1419 902 argumento
1467 861 1492 889 a.
1530 860 1575 890 se
1623 849 1726 903 ipsis

297 919 523 964 constituto
586 918 848 963 accomodare
906 920 1129 975 nequeunt,
1193 920 1308 971 „tum
1365 911 1478 973 quia,
1552 921 1599 963 ut
1666 920 1726 965 ait

303 993 579 1045 Matthiaeus,
619 993 837 1037 dictionem
866 993 1019 1037 habent
1047 1006 1068 1036 a
1099 993 1305 1047 prooemio
1335 992 1379 1036 et
1405 992 1457 1035 iis
1486 993 1603 1045 locis,
1655 993 1726 1048 qui

300 1065 354 1110 ad
380 1066 505 1110 boum
528 1067 682 1109 furtum
713 1066 917 1122 spectant,
946 1067 1068 1109 nimis
1100 1066 1399 1122 discrepantem
1427 1066 1576 1122 quippe
1606 1078 1724 1109 coac-

300 1139 385 1182 tam
434 1139 654 1181 molestam
702 1139 980 1194 languidam.“
1047 1136 1136 1182 'Sed
1175 1140 1288 1182 nullo
1335 1139 1455 1181 modo
1485 1139 1725 1182 adiuvamur
1750 1160 1753 1161 ν

294 1212 347 1254 iis
377 1223 481 1265 quae
499 1211 732 1255 Mathiaeus
760 1212 838 1255 hoc
865 1211 955 1255 loco
985 1211 1105 1263 dixit,
1136 1211 1284 1267 quippe
1313 1212 1399 1267 qui,
1426 1211 1611 1265 quamvis
1631 1222 1722 1254 ver-

295 1284 359 1327 bis
389 1284 510 1338 plane
531 1284 789 1338 dilucideque
813 1283 1033 1327 dictionem
1061 1284 1356 1338 discrepantem
1398 1297 1489 1326 esse
1510 1284 1721 1338 exprimat,

291 1358 430 1399 tamen
447 1369 527 1399 non
547 1356 783 1399 disserendo
804 1357 845 1398 et
863 1356 1069 1409 probando
1086 1357 1248 1410 singula
1266 1356 1550 1411 reprehendat.
1610 1356 1723 1409 Quae

292 1428 484 1484 spectant
523 1428 575 1473 ad
595 1428 931 1486 compositionem
957 1429 999 1472 et
1029 1429 1226 1473 seimonis
1258 1428 1569 1472 concinnitatem
1615 1428 1722 1471 hunc

291 1503 486 1559 hymnum
517 1502 638 1546 valde
670 1503 900 1559 discrepare
929 1502 981 1545 ab
1017 1503 1069 1545 iis
1115 1503 1262 1558 quibus
1307 1502 1456 1557 Apollo
1493 1503 1722 1546 celebratur

296 1587 415 1620 nemo
450 1577 515 1618 est
541 1576 638 1630 quin
668 1576 822 1627 videat;
853 1588 947 1618 nam
979 1588 1104 1630 quum
1132 1575 1198 1619 dei
1227 1575 1340 1619 illius
1370 1575 1640 1632 potentissimi
1679 1575 1722 1617 et

293 1648 578 1703 augustissimi
607 1661 674 1691 res
691 1651 852 1690 austere
885 1648 927 1690 et
956 1649 1392 1704 graviter-peragatur,
1423 1649 1552 1691 nostri
1580 1647 1720 1702 hymni

291 1721 414 1774 poeta
443 1721 599 1763 ratione
630 1733 710 1762 non
729 1720 863 1763 minus
893 1721 1029 1763 iocosa
1059 1733 1180 1774 quam
1208 1721 1269 1764 rei
1289 1709 1592 1764 accommodata
1611 1721 1719 1764 artes

293 1794 337 1835 et
366 1793 481 1836 dolos
521 1792 587 1835 dei
624 1793 690 1835 vix
739 1793 826 1835 nati
875 1793 1088 1836 enarravit.
1151 1793 1230 1846 Qui
1279 1793 1415 1836 autem
1464 1805 1486 1835 e
1535 1792 1718 1835 versibus

291 1866 498 1908 nonnullis
528 1865 806 1919 interpolatis,
839 1865 909 1919 qui
939 1876 1030 1907 cum
1060 1867 1100 1908 in
1131 1866 1218 1909 toto
1248 1867 1397 1921 hymno
1418 1863 1506 1907 tum
1530 1865 1598 1907 hic
1618 1876 1718 1918 quo-

292 1951 370 1993 que
419 1938 696 1989 inveniuntur,
733 1950 896 1993 prorsus
936 1940 1068 1982 totum
1094 1940 1227 1982 locum
1275 1952 1348 1993 pro
1398 1938 1537 1992 spurio
1582 1936 1716 1987 habet,

248 2020 250 2023 ’
290 2011 439 2055 iudicio
466 2010 533 2054 hic
562 2012 623 2054 uti
652 2010 755 2054 mihi
783 2011 942 2054 videtur
970 2011 1187 2054 temerario
1217 2024 1264 2054 ae
1294 2011 1415 2054 nimis
1435 2017 1716 2065 praepropero.

291 2078 646 2126 Verisiminimum
678 2086 759 2135 est,
787 2087 952 2138 poetam
981 2086 1199 2139 postquam
1219 2086 1285 2127 dei
1314 2097 1440 2139 genus
1470 2097 1517 2127 ac
1547 2083 1716 2136 stirpem

289 2156 494 2210 exposuit,
526 2167 669 2198 nomen
700 2156 894 2199 Mercurii
925 2158 1125 2212 explicare
1154 2159 1348 2209 voluisse3
1386 2169 1466 2212 qua
1492 2157 1534 2199 in
1573 2167 1616 2198 re
1643 2155 1716 2197 ob-

290 2229 403 2271 venit
431 2229 470 2271 ei
500 2228 745 2271 vooabutum
771 2226 938 2290 ἑρμαῖον
983 2231 1089 2285 quod
1138 2243 1225 2273 rem
1272 2241 1462 2286 prospere
1504 2227 1716 2272 inventam

290 2300 495 2356 significat
524 2297 785 2357 (εὖτύχημα);
816 2303 1043 2345 Mercurius
1073 2304 1201 2358 igitur
1239 2305 1286 2345 ut
1333 2303 1487 2345 furtum
1535 2302 1717 2344 facturus

290 2374 408 2416 antro
450 2373 570 2424 exiit,
601 2374 848 2417 testudinem
882 2376 1043 2418 fortuna
1071 2377 1188 2431 quasi
1235 2376 1340 2435 forte
1388 2375 1543 2418 invenit
1590 2385 1715 2436 exque

290 2445 378 2487 eius
408 2446 517 2487 testa
554 2447 685 2500 lyram
713 2447 791 2489 sibi
817 2447 933 2498 fecit,
965 2461 1046 2501 qua
1073 2449 1217 2504 postea
1243 2448 1294 2491 ab
1322 2444 1515 2502 Apolline
1543 2439 1715 2489 honores

289 2518 333 2560 et
359 2529 530 2572 magnas
561 2517 725 2561 divitias
757 2519 834 2562 sibi
863 2521 1037 2576 pararet.
1065 2544 1110 2550 ·-

429 2692 452 2735 ¹)
476 2690 576 2727 Hane
599 2691 831 2728 coniecturam
856 2692 1070 2739 ingeniosam
1087 2693 1258 2740 Bergkius
1270 2694 1311 2730 V.
1330 2694 1372 2730 D.
1405 2702 1539 2729 mecum
1562 2699 1714 2726 commu·

289 2747 432 2782 nicavit.
459 2767 500 2772 —
1333 2747 1338 2753 “
