1967 3105
932 203 992 249 28

240 333 309 376 vix
339 334 497 377 medica
525 331 650 376 manu
680 334 963 385 reficiendum,
992 334 1185 382 contextu
1206 333 1353 378 eiicere
1384 336 1427 378 et
1454 337 1550 391 post
1580 350 1671 380 ver·
1728 372 1739 378 -

178 425 181 428 ·
236 419 327 449 sum
362 408 442 463 118
472 406 660 450 lacunam
687 407 866 450 statuere
880 441 890 459 ‚
929 419 1008 462 qua
1045 419 1149 460 quae
1198 406 1249 449 de
1292 408 1539 452 mactatione
1583 410 1672 463 ipsa

234 479 322 521 sine
363 479 486 522 dubio
525 480 637 523 dicta
669 482 803 530 erant,
841 479 1119 535 significetur;
1171 479 1323 536 quanta
1351 493 1446 524 vero
1476 481 1534 523 sit
1557 481 1670 524 nullo

239 554 360 609 pacto
408 552 610 606 explorari
650 552 800 607 potest.
860 552 1087 607 Postquam
1122 551 1352 595 Mercurius
1401 553 1503 595 duas
1547 554 1671 598 boves

241 618 442 665 mactavit
463 626 556 667 ante
579 626 742 666 antrum
763 625 803 666 in
825 637 925 678 rupe
945 625 1054 666 coria
1073 624 1218 678 pandit
1244 637 1465 678 carnesque
1494 625 1537 667 in
1568 625 1671 669 duo-

238 696 371 739 decim
398 702 535 751 partes
566 697 720 740 divisas
751 697 924 752 (ratione
954 696 1096 740 habita
1132 696 1342 740 duodecim
1393 696 1577 752 deorum)
1622 698 1672 741 de

239 781 401 811 summo
432 770 549 811 antro
579 770 818 823 suspendet;
850 770 995 812 deiude
1028 770 1151 812 boum
1186 769 1387 824 capitibus
1420 769 1670 824 pedibusque

240 841 432 897 crematis
463 832 618 884 cineres
649 842 876 898 exstinguit
904 844 946 884 et
990 841 1179 894 celeriter
1225 840 1446 896 furtimque
1477 841 1671 898 Cyllenen

241 913 484 965 revertitur,
518 914 762 969 domumque
793 916 1000 970 ingressus
1031 915 1072 957 in
1110 914 1223 956 cunis
1263 914 1480 957 decumbit.
1540 908 1671 958 Nemo

242 998 320 1028 non
351 987 458 1028 huuc
484 987 620 1029 locum
649 988 765 1043 gravi
794 988 914 1030 vitiro
944 987 1128 1030 laborare
1157 987 1372 1042 intelligit,
1409 1000 1502 1029 nam
1530 1000 1671 1031 versus

247 1059 325 1101 146
355 1058 398 1101 et
430 1059 510 1101 147
541 1071 706 1114 prorsus
735 1061 964 1115 repugnant
995 1060 1150 1102 duobus
1195 1059 1264 1114 qui
1314 1057 1556 1113 sequuntur:
1586 1059 1671 1103 illis

242 1132 392 1173 dicitur
417 1130 840 1174 Mercurius-domum
869 1133 1081 1187 irrepsisse
1109 1143 1229 1174 aurae
1259 1132 1507 1190 nebulaeque
1554 1133 1672 1175 simi·

236 1203 312 1252 lis,
344 1204 407 1246 his
433 1216 530 1246 vero
561 1205 724 1246 antrum
764 1204 933 1260 petiisse
983 1216 1178 1258 suspenso
1227 1204 1371 1260 gradu,
1421 1216 1471 1246 ne
1519 1204 1671 1259 pedum

238 1276 439 1329 crepitum
460 1277 666 1319 excitaret.
701 1314 710 1318 -
727 1277 873 1319 Altera
887 1277 1066 1319 narratio
1098 1276 1362 1332 expungenda
1386 1277 1471 1326 est,
1503 1278 1549 1318 ut
1575 1289 1669 1319 sen-

239 1350 393 1392 tentiae
424 1351 707 1392 controversae
737 1349 954 1399 tollantur3
985 1362 1080 1392 nam
1110 1347 1356 1399 Mercurius,
1388 1362 1509 1392 aurae
1554 1349 1670 1392 simi-

232 1423 309 1472 lis,
344 1435 418 1464 cur
449 1423 571 1464 timet
600 1435 649 1464 ne
675 1422 848 1477 pedibus
879 1423 1097 1476 strepitum
1127 1422 1249 1464 edat?
1278 1422 1335 1464 Et
1362 1418 1560 1476 quomodo
1596 1423 1671 1465 do-

243 1508 356 1536 mum
386 1496 597 1549 ingressus
630 1497 791 1536 antrum
821 1497 960 1547 petere
991 1495 1070 1536 dici
1099 1495 1265 1548 potest?
1293 1486 1373 1536 His
1404 1489 1669 1558 dubitationi-

247 1567 323 1609 bus
353 1568 562 1623 permotus
592 1567 852 1609 Hermannus
880 1566 1098 1622 antiquiori
1127 1568 1273 1622 poetae
1303 1566 1421 1609 modo
1452 1578 1611 1610 versus:

436 1676 583 1718 ,μ’θύσας
605 1674 763 1722 δ’ἅντρου
785 1677 909 1719 ἐξίκετο
932 1680 1035 1712 πίονα
1060 1678 1141 1731 νηῄόν

436 1730 527 1777 ,,ἦκα
549 1739 652 1769 ποσὶν
673 1737 860 1780 προβιβῶν·
883 1734 925 1769 οὔ
947 1736 1010 1780 γὰρ
1033 1735 1170 1775 κτύπεν,
1188 1733 1308 1780 ’ὥσπερ
1333 1734 1389 1768 ἐπ’
1411 1731 1537 1769 οὕδει.“

238 1824 521 1868 attribuendos
549 1837 638 1867 esse
668 1825 804 1881 putat,
836 1820 972 1879 'quam
1023 1826 1237 1868 lectionem
1281 1824 1548 1881 interpolator
1598 1836 1671 1883 suo

240 1899 375 1940 Marte
406 1900 464 1940 sic
494 1899 784 1941 conformavit:
841 1923 846 1926 -

441 2008 654 2053 ,δοχμωθεὶς
675 2011 838 2056 μεγάροιο
861 2008 921 2044 διὰ
943 2008 1109 2055 κλήιθρον
1132 2007 1254 2050 ἔδυνεν,

433 2064 545 2111 „an
567 2065 723 2112 ὀπωρινῇ
746 2064 936 2111 ἐναλίγκιος,
960 2064 1033 2109 ἠΰτ’
1056 2064 1209 2109 ὁμίχλη.“

373 2157 635 2200 Hermannus
664 2156 739 2199 hos
768 2157 881 2211 ipsos
910 2168 1053 2199 versus
1075 2157 1292 2199 eiiciendos
1314 2157 1478 2210 putavit
1496 2157 1671 2200 fortasse

236 2243 368 2284 quum
398 2229 623 2272 oflenderet
651 2228 857 2272 mentione
888 2229 1032 2272 domus
1062 2241 1135 2283 pro
1172 2230 1311 2280 antro,
1343 2230 1451 2284 quod
1479 2241 1575 2272 vero
1623 2241 1672 2272 ex
1712 2216 1718 2227 ¹

237 2315 328 2345 mea
349 2301 553 2345 sententia
573 2301 675 2343 nihil
696 2301 930 2344 offensionis
953 2301 1138 2356 praebet,
1160 2312 1288 2356 neque
1309 2301 1506 2344 Mercurii
1519 2314 1593 2355 per
1607 2301 1670 2342 fo·
1693 2320 1704 2332 ·

239 2387 378 2417 ranien
410 2374 539 2418 clavis
563 2373 755 2417 introitus
785 2375 827 2416 in
858 2375 1021 2423 domum
1051 2375 1179 2417 mirus
1210 2375 1290 2426 est;
1321 2375 1424 2418 conf.
1449 2375 1570 2417 Hom.
1594 2372 1671 2415 Od.

227 2447 265 2499 ὁ,
298 2462 335 2509 γ.
368 2449 470 2491 802:
510 2444 582 2498 „39
600 2446 799 2501 θάλαμον
829 2442 1037 2503 δἐἰσῆλθε
1068 2444 1186 2503 παρὰ
1212 2447 1390 2504 κληῖδος
1408 2447 1600 2502 ἱμάντα,“
1629 2449 1672 2491 et

233 2534 271 2563 v.
307 2523 402 2564 838.
463 2522 596 2563 Immo
627 2522 772 2563 vitium
804 2521 1079 2575 quaerendum
1109 2521 1173 2564 est
1216 2521 1258 2563 in
1302 2521 1489 2564 versibus
1534 2522 1673 2577 poste-

231 2595 439 2643 rioribus.
471 2595 688 2650 praecipue
708 2594 750 2636 in
781 2607 903 2637 versu
926 2596 1024 2645 148,
1057 2594 1126 2650 qui
1151 2594 1336 2649 ineptum
1365 2607 1524 2636 sensum
1552 2605 1671 2650 prae-

230 2668 326 2717 bet;
358 2669 572 2720 praeterea
601 2667 725 2709 verba
741 2669 866 2708 πίονα
898 2666 992 2723 νηόν
1021 2680 1197 2724 quonam
1226 2666 1438 2710 referenda
1467 2667 1552 2726 sint
1576 2678 1672 2709 nes-

229 2741 316 2789 cio;
349 2741 432 2781 sive
465 2739 748 2793 coniungimus
765 2753 856 2782 cum
873 2740 1027 2789 ἰθύσας
1057 2740 1142 2783 sive
1156 2754 1245 2783 cum
1269 2737 1418 2793 ἄντρου
1435 2752 1576 2782 sensus
1593 2737 1669 2794 tri-
