1967 3105
967 191 1028 236 34

271 321 350 364 sibi
382 322 508 365 boves
538 333 565 365 a
589 322 793 365 Mercurio
823 320 931 364 furto
955 321 1129 366 ‚abactas
1158 334 1251 365 esse
1279 322 1421 364 narrat
1451 323 1513 375 (ιη
1553 324 1708 366 334-

271 395 373 448 364)
386 428 396 438 .
457 393 765 438 Sententiarum
811 406 959 438 nexum
988 395 1125 449 ipsum
1163 394 1266 438 bene
1293 407 1339 438 se
1368 394 1516 439 habere
1565 394 1708 452 liquet:

270 466 342 508 Ma
350 466 530 510 tthiaeus
562 468 650 510 sine
685 468 772 510 ulla
812 479 934 510 causa
971 480 1019 510 eo
1056 466 1242 518 offendit,
1279 467 1386 522 quod
1404 467 1555 523 Apollo
1593 470 1709 523 pueri

271 539 440 595 quidem
470 539 628 584 facinus
663 538 913 597 exposuerit,
945 539 1016 583 sed
1046 538 1143 595 quid
1179 553 1205 583 a
1232 539 1328 584 Iove
1360 540 1436 585 hac
1471 539 1514 584 in
1540 554 1585 585 re
1619 540 1710 585 fieri

250 613 419 664 ·vellet,
449 613 598 656 addere
645 614 849 663 omiserit;
879 614 1094 668 praeterea
1122 615 1161 655 ei
1203 614 1364 656 videtur
1413 614 1543 657 oratio
1586 614 1709 658 nimis

271 687 444 742 abrupte
476 686 682 737 desinere,
712 686 773 729 ita
801 687 848 728 ut
867 685 1044 741 amplius
1075 685 1172 742 quid
1199 685 1416 730 desideret.
1476 685 1590 739 Quae
1612 699 1710 730 cau-

279 771 349 802 sae
379 760 670 803 imbecilliores
700 760 798 802 sunt
826 771 947 813 quam
977 759 1124 813 quibus
1155 758 1379 801 orationem
1407 760 1638 802 truncatam
1669 763 1712 802 et

275 844 300 873 a
330 831 615 886 'grammaticis
644 832 843 887 expletam
875 844 965 875 esse
995 831 1165 886 probare
1194 832 1346 886 possit;
1389 832 1555 874 maioris
1597 832 1709 875 certe

271 905 467 956 momenti
479 906 546 948 est
564 904 692 948 nimia
706 904 1050 961 copiaverborum
1068 916 1170 959 quae
1187 904 1378 947 dicuntur
1396 901 1515 956 ἅπαξ
1519 902 1711 961 εἰρημένα

272 979 344 1020 aut
357 991 460 1032 quae
477 991 596 1021 sensu
614 979 774 1021 diverso
791 992 911 1033 quam
924 978 1023 1021 alibi
1042 977 1314 1032 inveniuntur:
1333 978 1418 1021 illis
1439 978 1710 1022 adnumeran-

272 1050 326 1095 da
344 1052 441 1094 sunt
459 1050 677 1108 φιλολήῑος
696 1052 751 1107 (v.
773 1052 891 1105 335),
913 1049 1125 1107 κεραϊστής
1144 1052 1199 1105 (v.
1221 1052 1340 1106 336),
1362 1041 1634 1107 λησίμβροτος
1654 1053 1709 1106 (v,

273 1124 390 1177 339),
423 1122 821 1180 διαπυρπαλάμησεν
849 1127 905 1178 (ν.
923 1125 1027 1175 357,
1042 1124 1273 1176 coniectum
1290 1124 1479 1179 Ilgenii),
1501 1121 1712 1178 ὠμόργαζε
1755 1121 1759 1125 ’

226 1193 229 1197 ’
273 1197 328 1250 (v.
352 1197 451 1248 361,
483 1197 534 1238 ab
554 1197 829 1263 Ilgeni00bene
858 1196 1097 1239 restitutum
1116 1209 1190 1250 pro
1219 1192 1444 1252 ὥμόρταζε,
1464 1197 1518 1250 (ν.
1542 1199 1637 1247 361,
1661 1197 1712 1238 ab

271 1269 437 1323 Ilgenio
468 1269 568 1311 bene
590 1269 829 1312 restitutum
845 1281 919 1323 pro
935 1264 1149 1323 ὥμόρταζε
1171 1269 1277 1324 quod
1297 1270 1489 1324 explicari
1510 1281 1589 1312 non
1618 1272 1711 1323 pot-

283 1342 384 1394 est);
416 1342 482 1384 his
518 1343 654 1384 autem
684 1341 911 1397 κερτόμιος;
927 1342 982 1396 (v.
1001 1342 1102 1391 338;
1136 1342 1207 1384 cfr.
1229 1342 1326 1385 Hes.
1359 1341 1434 1396 Op.
1466 1356 1502 1385 v.
1526 1342 1625 1395 786)
1640 1356 1713 1397 pro

280 1416 412 1457 forma
431 1415 586 1457 usitata
604 1416 824 1469 κέρτομος;
840 1409 1081 1469 α’λαρταὸνός
1096 1415 1150 1468 (v.
1163 1414 1287 1468 334),
1313 1415 1421 1470 quod
1442 1415 1548 1470 apud
1559 1415 1713 1457 Home-

279 1500 370 1529 rum
391 1499 613 1542 numquam
637 1488 687 1529 de
707 1487 888 1529 oratione
904 1487 1075 1537 dicitur;
1105 1486 1328 1542 διατρίβειν
1346 1487 1525 1529 κελευθά
1538 1489 1592 1542 (ν.
1612 1489 1713 1543 348)

272 1561 409 1610 „viam
431 1560 636 1611 emeth-1⁶⁸,
660 1572 763 1613 quae
778 1572 872 1602 vero
894 1560 1101 1602 structura
1118 1561 1252 1602 minus
1274 1561 1507 1604 offensionis
1528 1562 1712 1620 praebet,

272 1634 462 1688 quoniam
493 1635 646 1688 τρίβειν
675 1627 771 1673 ’ὁδόν
800 1633 887 1674 sive
906 1631 1087 1673 κελευθά
1102 1633 1265 1689 saepius
1291 1632 1455 1688 leffl'tur.
1517 1634 1711 1688 Tragico-

272 1715 364 1747 rum
396 1706 643 1760 locutionem
664 1706 829 1758 sapiunt
848 1705 928 1747 duo
948 1706 1145 1762 voeabula
1165 1707 1307 1759 στίβος
1326 1707 1381 1760 (v.
1399 1707 1520 1760 352),
1537 1707 1713 1761 primum

272 1779 393 1821 huius
422 1779 532 1821 vocis
565 1777 816 1834 exemplum,
849 1778 892 1821 et
916 1772 1020 1834 αὐγή
1051 1778 1105 1834 (v.
1139 1778 1258 1833 368),
1294 1790 1396 1834 quae
1428 1791 1502 1822 vox
1551 1779 1592 1821 in
1622 1779 1711 1822 Ηο-
1768 1823 1771 1824 ⁷

273 1852 375 1893 meri
403 1851 652 1892 carminibus
684 1850 939 1904 splendorem
971 1850 1195 1904 significat,
1227 1852 1334 1905 apud
1362 1852 1711 1906 hymnographum

272 1936 370 1966 vero
402 1926 591 1966 nostrum
620 1922 926 1978 methaphorice
972 1935 1045 1979 pro
1090 1924 1206 1966 oculo
1252 1924 1397 1966 exstat.
1460 1923 1542 1966 Sed
1586 1937 1711 1981 quum

273 2009 476 2050 nusquam
499 1996 620 2050 aptus
641 2007 784 2038 sensus
807 1995 1062 2038 desideretur
1081 1997 1123 2038 et
1143 2008 1276 2038 rerum
1297 1997 1423 2038 series
1454 1996 1561 2038 iusto
1582 1998 1712 2039 eonti-

273 2071 437 2119 nuetur,
470 2081 548 2112 nm
579 2069 708 2111 habeo
740 2067 847 2123 quod
896 2080 1082 2111 mancam
1127 2067 1247 2111 huius
1299 2069 1493 2112 orationis
1538 2070 1709 2112 formam

275 2144 346 2183 aut
377 2143 734 2195 interpolationem
764 2142 911 2183 statuo.
929 2164 986 2171 --
1460 2152 1463 2154 ·

408 2217 454 2258 In
485 2215 667 2264 oratione
699 2213 913 2264 Mercurii,
947 2216 1017 2270 qui
1048 2230 1070 2259 a
1103 2216 1242 2259 frat-ris
1274 2217 1527 2259 accusatione
1558 2228 1601 2259 se
1636 2216 1707 2258 de—

198 2318 200 2320 -
273 2289 437 2331 fendere
469 2289 628 2339 studet,
682 2301 821 2330 versus
851 2290 932 2330 379
953 2313 1010 2318 --
1036 2289 1118 2331 386
1168 2290 1219 2331 ab
1250 2290 1542 2343 interpretibus
1593 2290 1708 2332 obelo

272 2362 403 2404 notati
431 2364 537 2405 sunt.
578 2362 866 2417 *Subdititum
897 2362 1040 2405 habuit
1074 2363 1210 2406 loc-um
1246 2363 1402 2419 primus
1432 2363 1705 2423 HermannuS,

274 2435 343 2489 qui
374 2435 538 2489 quidem
566 2434 616 2477 de
646 2447 775 2478 verss,
807 2436 890 2478 379
916 2459 954 2464 —
980 2437 1081 2486 382,
1114 2435 1180 2478 vel
1217 2436 1257 2479 in
1304 2436 1499 2479 mediocri
1528 2435 1706 2477 carmine

276 2508 341 2550 vix
373 2508 571 2558 ferendis,
614 2508 713 2550 haec
763 2508 883 2550 dicit:
943 2508 1211 2558 „Sententiae
1256 2510 1446 2563 argutae,
1494 2508 1703 2563 abruptae,

273 2580 381 2624 male
413 2595 560 2643 nexae3
592 2581 721 2625 oratio
751 2594 831 2624 non
862 2582 1023 2635 qualem
1056 2583 1097 2625 in
1127 2583 1294 2637 antiquo
1323 2583 1446 2637 poeta
1477 2582 1704 2636 'exspectem
1743 2580 1749 2586 '

273 2654 501 2697 cuiusmodi
523 2655 622 2705 haec
643 2657 759 2697 sunt:
790 2651 862 2705 (ὃς,
878 2652 1016 2709 ὄλβιος
1045 2654 1142 2711 εἰἠν,
1173 2655 1297 2711 φιλῶ,
1317 2651 1448 2697 οἶσθα
1469 2654 1538 2697 καὶ
1566 2649 1703 2706 αὐτός,
1730 2689 1735 2692 .

274 2739 351 2768 non
383 2728 434 2769 ad
465 2740 704 2782 praegressa
736 2729 807 2771 sed
839 2729 890 2771 ad
922 2726 1134 2782 sequentia
1162 2728 1336 2771 relatum
1365 2741 1471 2782 quae
1498 2726 1600 2769 nihil
1622 2726 1701 2768 nisi
