1967 3105
366 641 449 694 De
490 616 678 711 hymni
719 646 1042 710 argumento
1085 647 1143 693 et
1184 639 1593 720 compositione.

400 747 567 797 Initium
593 747 692 790 facit
725 747 845 801 poeta
880 747 930 789 ab
965 746 1217 789 invocatione
1244 747 1406 796 Musae,
1437 759 1538 800 quae
1570 747 1681 790 Mer-

211 838 214 845 ’
267 819 442 869 curium,
478 818 588 861 Iovis
629 818 671 862 et
699 818 832 862 Maiae
881 819 1029 869 filium,
1078 818 1266 861 laudibus
1313 819 1465 861 efferat.
1525 818 1683 861 Furtim

264 891 518 945 amplexatus
540 891 605 933 est
623 892 809 945 Iuppiter
821 891 974 937 Maiam
994 892 1156 935 silentio
1182 892 1324 941 noctis,
1352 892 1419 944 qui
1441 886 1553 934 amo'r
1572 892 1685 933 clan-

264 965 452 1008 destinus
482 976 621 1007 omnes
650 964 755 1006 deos
774 963 949 1018 deasque
985 963 1198 1019 effugerat;
1237 964 1390 1006 decimo
1426 965 1562 1006 autem
1590 965 1685 1016 post

267 1032 524 1080 concubitum
554 1048 692 1078 mense
721 1036 834 1078 Maia
861 1035 993 1077 filium
1021 1036 1180 1090 peperit
1207 1036 1508 1078 fraudulentum
1535 1034 1579 1077 et
1611 1047 1684 1088 pe-

266 1109 485 1160 tulantem,
518 1109 586 1162 qui
616 1108 826 1164 praeclara
844 1109 951 1152 inter
998 1108 1249 1153 immortales
1291 1119 1459 1151 munera
1502 1106 1684 1150 editurus

185 1172 187 1174 ¹
265 1184 365 1226 erat.
424 1183 534 1225 Puer
564 1181 629 1224 vix
659 1181 778 1224 natus
808 1181 951 1226 matris
981 1182 1135 1236 gremio
1181 1181 1348 1223 desiluit
1391 1180 1685 1235 consiliumque

239 1254 373 1309 'cepit
401 1254 603 1309 Apollinis
642 1255 764 1298 boves
801 1254 1010 1310 abigendi,
1047 1254 1098 1297 ad
1134 1253 1241 1309 quod
1277 1255 1418 1297 statim
1463 1266 1683 1309 exsequen-

262 1328 360 1371 dum
388 1328 526 1378 antro,
569 1328 675 1382 quod
703 1329 833 1371 mater
853 1325 1100 1378 'habitabam
1146 1325 1336 1382 egressus
1374 1327 1449 1369 est.
1510 1327 1684 1369 Obvenit

263 1401 302 1444 ei
330 1401 511 1450 testudo,
543 1390 584 1442 et
614 1400 731 1443 valde
759 1399 955 1452 laetatus,
988 1413 1112 1454 quum
1142 1414 1185 1443 se
1216 1413 1404 1455 magnam
1431 1401 1681 1456 voluptatem

263 1475 308 1517 et
333 1473 558 1516 utilitatem
597 1472 690 1516 inde
732 1474 1018 1529 percepturum
1066 1484 1155 1516 esse
1203 1473 1479 1528 praevideret,
1530 1473 1682 1518 animal

265 1545 429 1589 domum
458 1546 711 1601 asportatum
739 1545 900 1589 necavit
929 1545 972 1588 et
999 1557 1117 1588 carne
1149 1559 1195 1588 ex
1225 1548 1333 1591 testa
1366 1548 1524 1592 resecta
1553 1546 1684 1601 lyram

260 1619 418 1672 septem
446 1618 688 1662 chordarum
712 1618 790 1662 sibi
820 1619 1005 1663 confecit.
1064 1618 1102 1661 A
1131 1618 1243 1662 nullo
1284 1618 1480 1674 magistro
1518 1619 1684 1662 edoctus

261 1690 402 1735 statim
432 1691 576 1746 psallit
605 1691 835 1746 laudesque,
856 1691 1017 1747 generis
1050 1692 1114 1734 sui
1148 1692 1191 1734 et
1223 1690 1419 1734 domicilii
1468 1693 1510 1735 et
1546 1704 1681 1736 rerum

260 1775 362 1817 quae
387 1765 482 1807 ante
512 1764 648 1807 oculos
682 1765 722 1808 ei
750 1761 1070 1809 obversabantur
1095 1765 1255 1807 cecinit.
1313 1765 1470 1808 Deinde
1513 1765 1602 1819 lyra
1639 1765 1681 1808 in

259 1836 374 1880 cunis
405 1837 588 1892 deposita
624 1837 726 1880 furis
769 1838 900 1881 instar
940 1838 992 1881 ad
1021 1838 1144 1880 boves
1193 1837 1413 1893 abigendas
1459 1838 1677 1891 profectus,

258 1908 438 1951 Pierium
464 1909 664 1960 montem
694 1909 764 1953 ubi
793 1921 938 1953 vaccae
967 1910 1218 1952 immortales
1245 1922 1318 1962 per
1361 1911 1478 1963 prata
1506 1911 1679 1954 herbosa

258 1980 528 2034 pascebantur
543 2012 553 2032 ‚
593 1982 724 2037 petiit,
794 1981 972 2034 Quarum
1009 1982 1303 2037 quinquaginta
1332 1996 1356 2025 a
1389 1995 1513 2038 grege
1558 1995 1675 2039 sepa·

177 2051 192 2065 ‘
258 2052 370 2096 ratas
400 2052 508 2099 ultro
539 2053 721 2110 citroque
750 2055 803 2098 ad
823 2054 1029 2110 Alpheum
1067 2056 1218 2103 flumen
1235 2068 1374 2099 versus
1408 2056 1567 2111 abegit,
1585 2069 1678 2099 ves-

260 2125 394 2179 tigiis]
428 2126 574 2180 quibus
591 2127 762 2171 ‚furtum
786 2127 829 2171 in
856 2127 990 2173 lucem
1018 2130 1135 2185 prodi
1163 2130 1320 2183 posset,
1352 2123 1552 2180 confusis;
1601 2131 1679 2173 sibi

258 2199 346 2253 ipse
371 2198 599 2242 Mercurius
629 2201 899 2245 calceamenta
916 2214 938 2243 e
959 2202 1132 2257 virgulis
1150 2201 1259 2245 facta
1282 2201 1514 2258 subligavit.
1573 2202 1676 2246 Pro-

257 2283 308 2325 pe
342 2272 484 2313 urbem
513 2271 763 2321 Onchestum
802 2274 854 2317 ad
888 2274 990 2318 fines
1019 2274 1212 2318 Boeotiae
1242 2275 1365 2321 sitam
1401 2287 1539 2318 senem
1587 2276 1677 2318 ani-

257 2344 477 2395 madvertit
505 2344 547 2388 in
577 2358 673 2400 sepe
703 2360 776 2400 per
804 2347 964 2392 noctem
994 2347 1177 2392 ducenda
1196 2348 1447 2404 occupatum,
1476 2360 1595 2402 quem
1622 2361 1672 2392 ne

258 2410 356 2470 quid
384 2416 573 2470 proderet
592 2418 812 2462 admonuit.
871 2419 937 2462 Ita
965 2433 991 2462 a
1009 2421 1120 2463 nullo
1150 2419 1230 2463 alio
1256 2420 1477 2474 impeditus
1515 2420 1569 2464 ad
1597 2421 1674 2463 Al-

257 2489 406 2543 pheum
427 2490 610 2543 pervenit
625 2491 760 2546 ibique
781 2493 921 2543 boves,
949 2493 1167 2546 postquam
1181 2492 1444 2548 iispabulum
1464 2493 1506 2536 et
1526 2506 1671 2548 aquam

256 2562 443 2618 praebuit
471 2562 513 2604 in
543 2564 705 2615 stabula
734 2565 880 2620 coegit.
939 2565 973 2609 Ε
993 2564 1118 2609 ramis
1134 2565 1254 2609 ·ferro
1283 2565 1440 2611 fricatis
1473 2566 1580 2610 deus
1607 2566 1674 2621 ig-

256 2647 350 2690 nem
381 2636 537 2687 elicuit,
571 2649 649 2691 quo
678 2638 785 2682 facto
815 2639 916 2685 duas
945 2638 1069 2683 boves
1099 2640 1296 2682 mactavit
1325 2639 1555 2695 carnisque,
1574 2651 1670 2692 par-

258 2708 341 2750 tem
367 2708 408 2750 in
450 2709 624 2753 verubus
668 2711 841 2762 assavit,
883 2710 1027 2754 deinde
1075 2710 1267 2754 farcimen
1311 2711 1418 2754 fecit.
1496 2711 1669 2755 Ratione
