1967 3105
957 177 1011 244 1'1

246 341 249 346 “
279 333 331 375 ab
355 306 550 386 'Apolline
578 343 600 372 e
620 330 734 372 cunis
755 331 940 373 sublatus
974 331 1126 373 ventris
1146 330 1301 386 crepitu
1322 330 1467 380 efficit,
1500 332 1544 372 ut
1564 330 1698 373 Phoe-

277 406 352 446 bus
383 417 476 446 eum
502 403 615 444 humi
645 403 829 457 deponat.
888 402 1162 445 Nihilominus
1189 416 1217 445 ‘a
1246 404 1372 445 fratre
1403 403 1566 445 coactus
1588 403 1695 445 viam

277 477 329 519 a'd
359 476 479 518 boum
511 475 714 517 stabulum
743 476 916 542 praeire,
949 475 1174 518 Mercurius
1204 488 1247 517 se
1277 487 1408 529 neque
1439 475 1588 517 vidisse
1618 474 1693 517 bo·

275 559 366 591 ves‘
394 560 525 602 neque
574 547 681 589 furto
746 547 932 602 abegisse
975 548 1128 590 iterum
1182 548 1409 603 iterumque
1469 547 1693 589 confirmat.

206 674 210 677 .
276 621 471 663 Rixantes
502 620 553 661 ad
597 620 756 669 Iovem,
803 621 915 661 cuius
956 620 1150 661 iudicium
1194 621 1500 672 provocaverat,
1545 631 1695 673 magno

275 693 443 736 deorum
471 692 555 734 risu
584 692 843 746 perveniunt:
900 692 1049 747 Apollo
1070 704 1157 735 rem
1176 692 1341 735 uberius
1371 691 1552 747 exponit,
1584 691 1696 734 Mer·

276 765 410 807 curius
440 777 534 806 vero
564 765 627 805 his
657 766 792 812 verbis
818 765 940 806 fidem
970 778 1133 818 prorsus
1163 765 1319 807 nullam
1344 764 1571 806 habendam
1606 777 1694 805 esse

274 836 511 886 contendit,
532 850 654 890 quum
686 850 730 879 se
761 825 825 879 rix
855 838 1001 879 natum>
1031 837 1185 879 furtum
1223 850 1301 880 non
1335 836 1588 879 commisisse
1623 847 1696 889 per

276 922 325 951 se
352 910 530 958 eluceat;
562 909 656 962 quin
684 910 810 951 etiam
838 909 1093 951 iureiurando
1124 923 1168 952 se
1192 911 1340 951 iniuste
1370 909 1548 951 criminis
1579 910 1696 963 argui

273 981 625 1037 comprobaturum
646 994 737 1025 esse
765 981 993 1037 pollicetur.
1053 984 1248 1025 Attamen
1277 982 1483 1036 perspexit
1511 973 1735 1037 Iuppiter*

273 1053 457 1096 fraudem
487 1053 553 1095 dei
583 1053 729 1096 callide
757 1054 1035 1109 palpebrantis
1067 1067 1237 1108 eumque
1268 1055 1382 1096 iubet
1407 1054 1589 1109 Apollini
1615 1065 1694 1108 quo

272 1122 395 1169 boues
424 1125 641 1176 abdiderit,
670 1126 815 1169 dicere.
874 1127 982 1170 Iovis
1018 1128 1201 1170 obsecuti
1232 1127 1430 1170 voluntati
1461 1127 1502 1168 in
1533 1126 1694 1169 antrum

272 1199 525 1252 perveniunt.
594 1198 703 1241 Dum
742 1198 970 1241 Mercurius
1002 1201 1123 1243 boves
1165 1200 1329 1243 stabulo
1354 1200 1511 1248 educit,
1543 1199 1695 1253 Apollo

271 1272 400 1327 pelles
432 1284 552 1325 super
572 1285 693 1326 rupes
715 1274 942 1315 constratas
973 1275 1278 1322 animadvertit3
1310 1273 1425 1326 pueri
1446 1273 1552 1314 vires
1573 1284 1691 1326 mag-

255 1357 420 1399 inopere
449 1345 623 1387 miratus
655 1346 696 1387 et
725 1347 927 1395 metuens,¹
959 1358 1008 1388 ne
1039 1347 1116 1388 sibi
1147 1346 1227 1401 ipsi
1256 1347 1339 1388 vim
1374 1345 1568 1396 inferret,
1597 1345 1688 1387 vin-

268 1419 364 1460 cula
383 1418 559 1460 viminea
579 1419 616 1458 ei
637 1418 777 1460 iniecit
796 1432 898 1473 quae
916 1432 1010 1460 vero
1027 1420 1168 1460 statim
1188 1420 1230 1460 in
1246 1420 1330 1460 solo
1343 1419 1499 1460 radices
1516 1418 1693 1470 capiunt.

271 1489 476 1543 Apollinis
507 1491 610 1533 iram
637 1491 872 1545 placaturus
900 1490 971 1533 ille
1001 1490 1445 1546 lyramdepromptam
1485 1489 1623 1545 pulsat
1652 1491 1695 1531 et

271 1562 603 1620 a4Mnemosyne,
635 1546 848 1606 Musarum
873 1565 1023 1613 matre,
1063 1564 1221 1605 ordiens
1270 1564 1436 1604 deorum
1481 1563 1689 1616 originem,

269 1633 511 1689 potestatem
560 1635 602 1676 et
645 1635 817 1690 gloriam
861 1636 1079 1690 praedicat.
1141 1635 1309 1678 Summa
1356 1634 1515 1677 laetitia
1549 1636 1693 1688 captus

270 1707 433 1761 Apollo⁴
467 1719 510 1749 se
541 1707 664 1750 boves
708 1708 802 1763 lyra
845 1712 1196 1763 compensaturum
1239 1710 1280 1749 et
1308 1708 1510 1769 Mercurio
1558 1707 1693 1750 locum

249 1780 376 1821 'inter
410 1779 507 1822 deos
539 1781 779 1823 honoratum
815 1781 1131 1824 constituturum
1160 1793 1251 1839 esse
1277 1780 1500 1837 promittit;
1558 1779 1692 1822 Maiae

269 1851 378 1893 filius
420 1864 464 1894 se
504 1853 593 1906 ipse
636 1854 880 1908 magistrum
923 1854 1070 1896 fidibus
1107 1853 1275 1896 canendi
1306 1854 1344 1895 ei
1372 1854 1492 1896 offert
1520 1853 1562 1895 et
1606 1852 1690 1894 fra-

269 1924 345 1964 tris
375 1923 566 1979 lyraeque
595 1927 888 1978 praestantiam
919 1927 1039 1969 canit.
1100 1928 1214 1968 Tunc
1248 1927 1371 1968 boves
1399 1929 1441 1968 et
1483 1926 1691 1980 flagellum

268 2007 342 2049 pro
362 1995 451 2050 lyra
490 1998 657 2052 accipit,
689 2011 811 2052 quam
831 1998 979 2054 Apollo
1013 1998 1227 2041 confestim
1248 1998 1388 2053 digitis
1409 1998 1568 2053 pulsat,
1599 2009 1692 2039 sua-

274 2068 326 2109 vi'
351 2080 450 2110 voce
481 2076 654 2113 canens,
713 2067 822 2114 Dum
868 2073 989 2114 boves
1036 2084 1108 2126 per
1155 2073 1274 2125 prata
1303 2072 1475 2124 pascunt
1521 2073 1692 2122 uterque

270 2140 369 2182 deus
399 2139 441 2182 in
472 2139 690 2197 Olympum
721 2144 829 2186 redit
855 2144 905 2186 ad
934 2144 1094 2194 Iovem,
1126 2144 1195 2198 qui
1216 2157 1238 2186 e
1260 2143 1471 2185 concordia
1499 2143 1692 2197 magnum

268 2205 441 2265 percipit
469 2215 675 2268 gaudium.
705 2240 762 2247 —
791 2217 951 2258 Invenit
980 2208 1114 2259 autem
1137 2217 1364 2258 Mercurius
1395 2216 1576 2258 fistulam
1602 2216 1692 2257 lon-

268 2296 319 2338 ge
348 2287 571 2329 sonantem.
630 2289 779 2342 Apollo
809 2289 957 2331 timens
987 2302 1037 2331 ne
1058 2289 1156 2353 deus
1193 2288 1473 2331 astutissimus
1504 2288 1581 2329 sibi
1618 2299 1691 2328 au-

268 2356 370 2399 fera*
390 2357 532 2412 lyram
562 2359 604 2401 et
634 2373 797 2412 arcum,
843 2362 1011 2404 fratrem
1059 2372 1106 2404 eo
1155 2360 1341 2427 adducit,
1392 2362 1438 2402 ut
1485 2370 1689 2429 nunquam

211 2453 216 2460 ,
270 2441 371 2483 quae
407 2431 610 2484 Apollinis
641 2435 742 2483 sint,
773 2447 817 2476 se
848 2435 1100 2477 sublaturum
1132 2423 1221 2476 esse
1250 2435 1475 2488 promittat.
1535 2433 1691 2485 Quibus

268 2490 452 2557 precibus
479 2503 703 2550 Mercurius
735 2506 908 2551 libenter
937 2508 1149 2550 obsecutus
1181 2520 1380 2550 summam
1421 2506 1558 2549 fratris
1602 2504 1689 2548 lae-

267 2574 404 2616 titiam
436 2580 680 2629 commovet,
730 2579 799 2633 qui
815 2611 826 2630 ,
871 2582 918 2622 ut
960 2581 1123 2633 probet,
1165 2581 1411 2635 quantopere
1441 2579 1689 2621 Mercurium

270 2647 450 2699 adamet„
470 2649 506 2691 ei
537 2650 693 2706 virgam
718 2652 929 2695 felicitatis
952 2656 993 2695 et
1019 2653 1252 2696 divitiarum
1269 2666 1433 2695 auream
1448 2651 1594 2702 tradit3
1625 2651 1691 2694 di-

270 2720 513 2764 vinationem
545 2736 660 2774 vero,
690 2737 808 2780 quam
835 2725 906 2768 ille
937 2726 1177 2781 expetierat,
1218 2725 1408 2780 denegat,
1459 2725 1616 2767 scilicet
1665 2738 1688 2767 a
