1967 3105
902 183 960 228 13

225 317 342 368 runt,
372 315 550 360 breviter
571 315 713 357 afferre
739 315 783 356 et
810 314 918 369 quod
948 315 1034 369 lpse
1063 315 1200 357 iudico.
1227 313 1277 357 de
1300 314 1488 357 carminis
1507 313 1648 369 integ·

227 390 350 433 ritate
380 389 541 431 addere.
571 410 625 418 -—
683 387 957 438 Matthiaeus,
989 386 1059 440 qui
1078 388 1125 429 ut
1142 386 1249 429 infra
1276 386 1523 436 videbimuS,
1553 399 1648 429 car-

203 474 315 503 -men
344 460 397 503 ad
424 460 588 501 tertiam
620 460 702 502 fere
731 460 889 512 partem
924 459 1100 509 reduxit,
1131 459 1235 502 hanc
1265 459 1517 515 deprompsit
1546 471 1640 501 sen-

221 534 412 577 ten-tiam:
433 533 461 584 ¹)
507 532 655 584 „Quae
689 545 755 575 res
803 532 870 576 vel
917 532 1091 585 primum
1140 532 1295 587 legenti
1348 530 1644 574 dubitationem

222 606 271 649 de
329 605 518 649 carminis
558 604 794 660 integritate
823 604 986 647 iniicere
1018 605 1159 656 debet,
1191 605 1256 647 est
1283 604 1510 660 argumenti
1537 603 1646 646 mira

219 679 408 721 varietas.
468 678 602 729 Quum
632 679 736 720 enim
763 678 970 719 Homerici
999 677 1138 732 hymni
1167 690 1213 719 eo
1243 678 1428 732 inprimis
1457 690 1483 719 a
1512 677 1643 719 Calli-

220 751 401 794 macheis
431 751 637 802 differant,
670 750 776 805 quod
804 750 845 792 in
875 750 926 793 iis
955 762 1036 793 una
1065 749 1225 793 tanturn
1266 749 1329 792 dei
1374 750 1480 793 actio
1530 750 1641 792 cele-

219 823 377 874 bratur,
399 836 478 876 qua
506 823 555 865 de
585 836 628 865 re
647 823 751 876 epici
778 823 843 866 illi
862 824 1058 866 nominati
1087 823 1201 874 sunt,
1233 825 1278 866 at
1305 824 1505 878 inpoetae
1535 823 1637 865 Ale-

218 895 404 943 xandrini
452 896 713 946 carminibus,
762 896 798 939 si
836 896 1029 951 hymnum
1059 896 1102 938 in
1121 895 1288 939 Delium
1323 895 1520 953 excipias,
1568 895 1637 951 qui

221 969 325 1024 epici
351 968 520 1019 <generis
551 969 636 1020 est,
667 980 747 1011 non
765 981 832 1012 res
873 969 1010 1023 aliqua
1058 968 1275 1024 singularis
1320 982 1344 1011 a
1388 969 1462 1011 deo
1505 968 1636 1024 gesta,

219 1042 293 1084 sed
321 1041 461 1084 laudes
487 1042 574 1083 eius
596 1042 830 1085 summatim
847 1043 889 1085 et
908 1043 966 1085 ita
1000 1043 1047 1085 ut
1080 1043 1214 1098 capita
1243 1043 1400 1084 tantum
1430 1042 1638 1097 attingan-

218 1115 303 1165 tur,
343 1113 574 1156 intertextis
613 1115 764 1169 mythis
805 1114 1076 1169 episodiorum
1112 1114 1200 1157 loco
1250 1116 1519 1168 exponuntur,
1568 1115 1636 1157 hic

224 1185 364 1227 contra
394 1186 436 1227 in
451 1186 712 1228 -Mercurium
740 1187 913 1241 hymnus
934 1188 1113 1228 omnium
1133 1188 1216 1228 fere
1237 1187 1286 1228 de
1309 1187 1380 1229 deo
1402 1187 1634 1241 mythorum

217 1257 450 1300 contextum
467 1248 678 1311 ‘quendam
708 1271 755 1301 ac
794 1260 973 1313 cyclum,
1023 1259 1184 1313 qualem
1213 1258 1451 1313 Apollodori
1499 1260 1636 1301 narra·

211 1330 270 1374 tio
310 1331 403 1385 (ΙΙΙ,
438 1333 511 1382 10,
546 1331 589 1385 2)
621 1331 803 1383 exhibet,
835 1331 1120 1386 complectitur
1141 1332 1319 1387 adeoque
1346 1331 1516 1374 actionis
1546 1332 1634 1374 uni·

212 1402 358 1454 tatem,
390 1416 508 1464 quam
540 1406 702 1453 vocant,
734 1405 858 1446 habet
906 1404 1080 1454 nullam;
1122 1417 1219 1446 nam
1263 1418 1310 1446 ea
1358 1405 1519 1448 domum
1569 1407 1635 1447 est

217 1487 297 1518 una
326 1476 451 1528 actio,
484 1488 586 1530 quac
616 1489 740 1518 unum
789 1490 837 1520 ac
885 1478 1039 1519 certum
1082 1476 1203 1520 finem
1253 1477 1332 1519 sibi
1378 1478 1632 1532 propositum

214 1547 378 1589 habet.“
438 1547 514 1594 Cui
562 1550 785 1601 assentitur
834 1549 1028 1599 Grevius,
1055 1549 1144 1605 Δ11111
1198 1550 1369 1590 aliorum
1418 1550 1632 1591 sententiis

214 1619 452 1662 examinatis
515 1633 594 1663 non
653 1620 829 1672 dubitat,
890 1621 986 1675 quin
1049 1619 1209 1664 carmen
1220 1628 1235 1672 ,·
1295 1620 1632 1675 quemadmodum

213 1691 335 1744 vulgo
365 1692 537 1745 legitur,
565 1693 669 1735 nihil
698 1694 760 1735 sit
782 1693 862 1735 nisi
890 1695 1120 1746 complexus
1142 1695 1184 1735 et
1209 1694 1369 1747 farrago
1389 1693 1629 1742 fabularum,

202 1769 314 1818 'quae
345 1763 394 1806 de
422 1763 626 1808 Mercurio
667 1765 900 1819 traduntur,
931 1765 1015 1809 fere
1059 1765 1249 1809 omnium.
1309 1766 1399 1821 (cfr.
1431 1765 1553 1810 Grev.
1601 1766 1629 1809 1.

213 1835 241 1878 1.
271 1850 309 1891 p.
343 1836 426 1890 14).
471 1838 666 1893 {Qenius
696 1840 738 1881 in
769 1840 866 1882 edit.
897 1830 1108 1894 hymnsp.
1145 1841 1229 1882 355
1269 1841 1481 1890 actionem,
1527 1852 1629 1894 quae

150 1956 155 1960 ,
211 1907 388 1964 carmine
424 1909 672 1964 celebratur,
689 1912 830 1967 paucis
859 1913 992 1956 verbis
1021 1913 1097 1955 hoc
1126 1913 1245 1955 modo
1267 1913 1500 1956 adumbrat:
1516 1913 1630 1964 „Do-

211 1980 275 2023 lus
303 1980 497 2024 Mercurii
526 1982 568 2024 in
598 1984 850 2039 acquirendis
887 1982 1144 2028 honoribus.''
1204 1985 1483 2028 Groddeckius
1530 1996 1627 2038 poe-

210 2052 295 2095 tam
325 2052 404 2095 sibi
432 2057 693 2109 proposuisse
744 2057 865 2112 putat
910 2058 1103 2100 Mercurii
1151 2058 1339 2110 natalitia
1383 2057 1627 2112 praedicare;

208 2123 408 2168 Frankius
439 2127 602 2180 poetam
633 2129 675 2185 id
711 2130 872 2183 egisse,
904 2131 951 2172 ut
992 2143 1095 2185 quae
1125 2124 1265 2177 recens
1296 2133 1416 2176 natus
1464 2130 1628 2172 Mercu·

209 2196 294 2240 rius
325 2198 472 2241 callide
502 2201 717 2256 astuteque
746 2202 923 2253 fecisset,
952 2215 1045 2245 cum
1080 2203 1199 2245 laude
1232 2203 1457 2249 narraret.“
1516 2203 1628 2248 Bau-

207 2270 424 2313 meisterus
441 2270 632 2326 denique,
655 2275 840 2317 nostrum
859 2275 1053 2330 hymnum
1088 2288 1181 2318 cum
1216 2277 1361 2319 ceteris
1391 2277 1459 2331 qui
1489 2281 1628 2324 ferun-

207 2341 276 2384 tur
303 2341 533 2387 Homericis
565 2358 802 2403 comparans
813 2381 832 2408 ⁹.
855 2349 896 2391 in
927 2360 991 2400 eo,
1023 2349 1070 2390 ut
1098 2348 1140 2390 in
1171 2349 1395 2403 comoedia,
1426 2365 1492 2395 res
1523 2353 1625 2396 laxi-

208 2414 344 2458 oribus
375 2416 546 2460 vinculis
577 2420 728 2467 circum
758 2422 932 2476 scriptas
962 2423 1304 2476 esse-contendit,
1343 2425 1401 2466 ita
1429 2425 1476 2467 ut
1504 2427 1625 2480 poeta

206 2487 421 2541 aliquoties
451 2492 637 2534 consulto
667 2493 985 2547 expectationem
1015 2494 1150 2546 fallat,
1200 2507 1279 2537 non
1324 2509 1414 2539 raro
1465 2498 1626 2541 diversa

206 2560 248 2602 et
267 2561 468 2605 contraria
487 2556 593 2627 inter
614 2577 657 2608 se
678 2567 891 2621 componat
911 2567 953 2610 et
972 2567 1106 2611 iocum
1135 2569 1241 2613 serio
1267 2569 1449 2613 misceat.
1516 2571 1624 2616 Hinc

344 2717 366 2760 ¹)
390 2717 450 2752 cfr.
476 2718 498 2753 l.
524 2719 545 2754 l.
572 2731 603 2765 p.
629 2723 682 2757 35.
711 2744 751 2750 τ-
