<?xml version="1.0" encoding="UTF-8"?>
<!DOCTYPE html PUBLIC "-//W3C//DTD XHTML 1.0 Transitional//EN"
    "http://www.w3.org/TR/xhtml1/DTD/xhtml1-transitional.dtd">
<html xmlns="http://www.w3.org/1999/xhtml" xml:lang="en" lang="en">
 <head>
  <title>
</title>
<meta http-equiv="Content-Type" content="text/html;charset=utf-8" />
  <meta name='ocr-system' content='tesseract 3.04.00' />
  <meta name='ocr-capabilities' content='ocr_page ocr_carea ocr_par ocr_line ocrx_word'/>
</head>
<body>
  <div class='ocr_page' id='page_1' title='image "4737864_0037.png"; bbox 0 0 1967 3105; ppageno 0'>
   <div class='ocr_carea' id='block_1_1' title="bbox 0 0 151 201">
    <p class='ocr_par' dir='ltr' id='par_1_1' title="bbox 0 0 151 201">
     <span class='ocr_line' id='line_1_1' title="bbox 0 0 151 201; baseline 0 2904"><span class='ocrx_word' id='word_1_1' title='bbox 0 0 151 201; x_wconf 95' lang='lat' dir='ltr'><strong> </strong></span> 
     </span>
    </p>
   </div>
   <div class='ocr_carea' id='block_1_2' title="bbox 886 211 967 281">
    <p class='ocr_par' dir='ltr' id='par_1_2' title="bbox 886 211 967 281">
     <span class='ocr_line' id='line_1_2' title="bbox 886 211 967 281; baseline -0.012 -23"><span class='ocrx_word' id='word_1_2' title='bbox 886 211 967 281; x_wconf 28' lang='lat'><strong>,31</strong></span> 
     </span>
    </p>
   </div>
   <div class='ocr_carea' id='block_1_3' title="bbox 228 340 1671 837">
    <p class='ocr_par' dir='ltr' id='par_1_3' title="bbox 228 340 1671 620">
     <span class='ocr_line' id='line_1_3' title="bbox 234 340 1654 400; baseline -0.006 -6"><span class='ocrx_word' id='word_1_3' title='bbox 234 362 373 394; x_wconf 84' lang='lat' dir='ltr'><strong>versus</strong></span> <span class='ocrx_word' id='word_1_4' title='bbox 395 349 495 397; x_wconf 76' lang='lat'><strong>2423</strong></span> <span class='ocrx_word' id='word_1_5' title='bbox 556 342 787 400; x_wconf 56' lang='lat' dir='ltr'><strong>„dypticum</strong></span> <span class='ocrx_word' id='word_1_6' title='bbox 806 340 918 384; x_wconf 76' lang='grc' dir='ltr'><strong><em>ἰτέον</em></strong></span> <span class='ocrx_word' id='word_1_7' title='bbox 946 347 1038 397; x_wconf 78' lang='grc' dir='ltr'><strong>γε,“</strong></span> <span class='ocrx_word' id='word_1_8' title='bbox 1055 345 1101 385; x_wconf 92' lang='lat' dir='ltr'><strong>ut</strong></span> <span class='ocrx_word' id='word_1_9' title='bbox 1115 355 1259 385; x_wconf 87' lang='lat' dir='ltr'><strong>sensus</strong></span> <span class='ocrx_word' id='word_1_10' title='bbox 1279 344 1405 386; x_wconf 88' lang='lat' dir='ltr'><strong>totius</strong></span> <span class='ocrx_word' id='word_1_11' title='bbox 1426 343 1505 386; x_wconf 88' lang='lat' dir='ltr'><strong>loci</strong></span> <span class='ocrx_word' id='word_1_12' title='bbox 1525 343 1654 386; x_wconf 89' lang='lat' dir='ltr'><strong>esset:</strong></span> 
     </span>
     <span class='ocr_line' id='line_1_4' title="bbox 228 415 1651 475; baseline -0.006 -9"><span class='ocrx_word' id='word_1_13' title='bbox 228 434 372 466; x_wconf 82' lang='lat' dir='ltr'><strong>manus</strong></span> <span class='ocrx_word' id='word_1_14' title='bbox 411 419 616 475; x_wconf 79' lang='lat' dir='ltr'><strong>pedesque</strong></span> <span class='ocrx_word' id='word_1_15' title='bbox 652 416 853 459; x_wconf 76' lang='lat' dir='ltr'><strong>contraxit</strong></span> <span class='ocrx_word' id='word_1_16' title='bbox 882 417 936 458; x_wconf 88' lang='lat' dir='ltr'><strong>in</strong></span> <span class='ocrx_word' id='word_1_17' title='bbox 982 416 1103 459; x_wconf 85' lang='lat' dir='ltr'><strong>breve</strong></span> <span class='ocrx_word' id='word_1_18' title='bbox 1132 417 1188 470; x_wconf 88' lang='lat' dir='ltr'><strong>(v.</strong></span> <span class='ocrx_word' id='word_1_19' title='bbox 1219 416 1343 469; x_wconf 80' lang='lat'><strong>240),</strong></span> <span class='ocrx_word' id='word_1_20' title='bbox 1374 416 1491 470; x_wconf 74' lang='lat' dir='ltr'><strong>quasi</strong></span> <span class='ocrx_word' id='word_1_21' title='bbox 1509 415 1651 470; x_wconf 46' lang='lat' dir='ltr'><strong>„infans</strong></span> 
     </span>
     <span class='ocr_line' id='line_1_5' title="bbox 230 476 1671 543; baseline -0.006 -5"><span class='ocrx_word' id='word_1_22' title='bbox 230 506 373 538; x_wconf 88' lang='lat' dir='ltr'><strong>recens</strong></span> <span class='ocrx_word' id='word_1_23' title='bbox 406 492 538 542; x_wconf 89' lang='lat' dir='ltr'><strong>lotus,</strong></span> <span class='ocrx_word' id='word_1_24' title='bbox 569 489 730 532; x_wconf 78' lang='lat' dir='ltr'><strong>dulcem</strong></span> <span class='ocrx_word' id='word_1_25' title='bbox 771 489 934 542; x_wconf 87' lang='lat' dir='ltr'><strong>quidem</strong></span> <span class='ocrx_word' id='word_1_26' title='bbox 964 476 1150 532; x_wconf 85' lang='lat' dir='ltr'><strong>somnum</strong></span> <span class='ocrx_word' id='word_1_27' title='bbox 1184 499 1427 543; x_wconf 87' lang='lat' dir='ltr'><strong>provocans,</strong></span> <span class='ocrx_word' id='word_1_28' title='bbox 1457 500 1551 531; x_wconf 87' lang='lat' dir='ltr'><strong>vere</strong></span> <span class='ocrx_word' id='word_1_29' title='bbox 1581 498 1671 531; x_wconf 44' lang='lat' dir='ltr'><strong>auf</strong></span> 
     </span>
     <span class='ocr_line' id='line_1_6' title="bbox 231 561 1360 620; baseline -0.006 -10"><span class='ocrx_word' id='word_1_30' title='bbox 231 569 314 610; x_wconf 85' lang='lat' dir='ltr'><strong>tem</strong></span> <span class='ocrx_word' id='word_1_31' title='bbox 343 565 535 620; x_wconf 84' lang='lat' dir='ltr'><strong>vigilans:</strong></span> <span class='ocrx_word' id='word_1_32' title='bbox 566 561 812 605; x_wconf 76' lang='lat' dir='ltr'><strong>testudinem</strong></span> <span class='ocrx_word' id='word_1_33' title='bbox 842 562 917 604; x_wconf 90' lang='lat' dir='ltr'><strong>sub</strong></span> <span class='ocrx_word' id='word_1_34' title='bbox 950 561 1074 604; x_wconf 81' lang='lat' dir='ltr'>axilla</span> <span class='ocrx_word' id='word_1_35' title='bbox 1101 561 1278 603; x_wconf 87' lang='lat' dir='ltr'><strong>tenebat.</strong></span> <span class='ocrx_word' id='word_1_36' title='bbox 1312 585 1360 591; x_wconf 93' lang='lat'>—</span> 
     </span>
    </p>

    <p class='ocr_par' dir='ltr' id='par_1_4' title="bbox 232 633 1656 837">
     <span class='ocr_line' id='line_1_7' title="bbox 364 633 1656 690; baseline -0.003 -10"><span class='ocrx_word' id='word_1_37' title='bbox 364 636 534 680; x_wconf 77' lang='lat' dir='ltr'>Recenti</span> <span class='ocrx_word' id='word_1_38' title='bbox 565 634 658 678; x_wconf 91' lang='lat' dir='ltr'><strong>dolo</strong></span> <span class='ocrx_word' id='word_1_39' title='bbox 685 645 763 676; x_wconf 93' lang='lat' dir='ltr'><strong>non</strong></span> <span class='ocrx_word' id='word_1_40' title='bbox 784 634 977 690; x_wconf 80' lang='lat' dir='ltr'><strong>deceptus</strong></span> <span class='ocrx_word' id='word_1_41' title='bbox 995 633 1144 690; x_wconf 84' lang='lat' dir='ltr'>Apollo</span> <span class='ocrx_word' id='word_1_42' title='bbox 1158 634 1406 676; x_wconf 85' lang='lat' dir='ltr'><strong>Mercurium</strong></span> <span class='ocrx_word' id='word_1_43' title='bbox 1439 634 1656 677; x_wconf 86' lang='lat' dir='ltr'><strong>acerbissi-</strong></span> 
     </span>
     <span class='ocr_line' id='line_1_8' title="bbox 232 705 1655 762; baseline -0.004 -9"><span class='ocrx_word' id='word_1_44' title='bbox 232 712 311 753; x_wconf 87' lang='lat' dir='ltr'><strong>mis</strong></span> <span class='ocrx_word' id='word_1_45' title='bbox 360 709 494 762; x_wconf 80' lang='lat' dir='ltr'><strong>verbis</strong></span> <span class='ocrx_word' id='word_1_46' title='bbox 541 707 737 761; x_wconf 86' lang='lat' dir='ltr'><strong>increpat.</strong></span> <span class='ocrx_word' id='word_1_47' title='bbox 798 705 879 749; x_wconf 88' lang='lat' dir='ltr'><strong>Sed</strong></span> <span class='ocrx_word' id='word_1_48' title='bbox 915 719 1016 761; x_wconf 88' lang='lat' dir='ltr'><strong>puer</strong></span> <span class='ocrx_word' id='word_1_49' title='bbox 1045 719 1089 749; x_wconf 89' lang='lat' dir='ltr'><strong>se</strong></span> <span class='ocrx_word' id='word_1_50' title='bbox 1118 707 1280 749; x_wconf 89' lang='lat' dir='ltr'><strong>omnino</strong></span> <span class='ocrx_word' id='word_1_51' title='bbox 1309 706 1412 749; x_wconf 88' lang='lat' dir='ltr'>nihil</span> <span class='ocrx_word' id='word_1_52' title='bbox 1442 707 1491 749; x_wconf 92' lang='lat' dir='ltr'><strong>de</strong></span> <span class='ocrx_word' id='word_1_53' title='bbox 1525 708 1655 749; x_wconf 81' lang='lat' dir='ltr'><strong>bubus</strong></span> 
     </span>
     <span class='ocr_line' id='line_1_9' title="bbox 232 778 1655 837; baseline -0.004 -11"><span class='ocrx_word' id='word_1_54' title='bbox 232 783 388 826; x_wconf 82' lang='lat' dir='ltr'><strong>abactis</strong></span> <span class='ocrx_word' id='word_1_55' title='bbox 420 780 665 837; x_wconf 87' lang='lat' dir='ltr'><strong>comperisse</strong></span> <span class='ocrx_word' id='word_1_56' title='bbox 694 779 873 823; x_wconf 79' lang='lat' dir='ltr'><strong>simulat.</strong></span> <span class='ocrx_word' id='word_1_57' title='bbox 931 778 1067 822; x_wconf 87' lang='lat' dir='ltr'><strong>Verba</strong></span> <span class='ocrx_word' id='word_1_58' title='bbox 1093 780 1188 821; x_wconf 87' lang='lat' dir='ltr'><strong>sunt</strong></span> <span class='ocrx_word' id='word_1_59' title='bbox 1221 779 1323 821; x_wconf 87' lang='lat' dir='ltr'><strong>haec</strong></span> <span class='ocrx_word' id='word_1_60' title='bbox 1354 780 1410 834; x_wconf 86' lang='lat' dir='ltr'><strong>(v.</strong></span> <span class='ocrx_word' id='word_1_61' title='bbox 1442 780 1524 822; x_wconf 80' lang='lat'><strong>263</strong></span> <span class='ocrx_word' id='word_1_62' title='bbox 1553 779 1655 833; x_wconf 86' lang='lat' dir='ltr'><strong>sqe.)</strong></span> 
     </span>
    </p>
   </div>
   <div class='ocr_carea' id='block_1_4' title="bbox 194 894 1663 2545">
    <p class='ocr_par' dir='ltr' id='par_1_5' title="bbox 435 894 1409 941">
     <span class='ocr_line' id='line_1_10' title="bbox 435 894 1409 941; baseline -0.002 -10"><span class='ocrx_word' id='word_1_63' title='bbox 435 897 532 938; x_wconf 68' lang='lat' dir='ltr'><strong>„ocu</strong></span> <span class='ocrx_word' id='word_1_64' title='bbox 557 895 641 938; x_wconf 72' lang='grc' dir='ltr'><strong><em>ὶδσν,</em></strong></span> <span class='ocrx_word' id='word_1_65' title='bbox 665 896 706 931; x_wconf 72' lang='grc' dir='ltr'><strong>οὔ</strong></span> <span class='ocrx_word' id='word_1_66' title='bbox 728 896 904 941; x_wconf 80' lang='grc' dir='ltr'><strong><em>πυθόμην,</em></strong></span> <span class='ocrx_word' id='word_1_67' title='bbox 927 896 988 930; x_wconf 74' lang='grc' dir='ltr'><strong>οὐκ</strong></span> <span class='ocrx_word' id='word_1_68' title='bbox 1010 894 1111 930; x_wconf 77' lang='grc' dir='ltr'><strong><em>ἄλλον</em></strong></span> <span class='ocrx_word' id='word_1_69' title='bbox 1130 897 1248 941; x_wconf 65' lang='grc' dir='ltr'><strong>μῆθον</strong></span> <span class='ocrx_word' id='word_1_70' title='bbox 1270 895 1409 936; x_wconf 76' lang='grc' dir='ltr'><strong>ἄκουσα,</strong></span> 
     </span>
    </p>

    <p class='ocr_par' dir='ltr' id='par_1_6' title="bbox 433 951 1341 999">
     <span class='ocr_line' id='line_1_11' title="bbox 433 951 1341 999; baseline -0.002 -11"><span class='ocrx_word' id='word_1_71' title='bbox 433 953 514 996; x_wconf 67' lang='lat' dir='ltr'><strong>„dnm</strong></span> <span class='ocrx_word' id='word_1_72' title='bbox 537 953 580 988; x_wconf 77' lang='grc' dir='ltr'><strong>ἂν</strong></span> <span class='ocrx_word' id='word_1_73' title='bbox 600 952 798 999; x_wconf 58' lang='grc' dir='ltr'><strong><em>μηνύσαιμ’,</em></strong></span> <span class='ocrx_word' id='word_1_74' title='bbox 820 951 881 987; x_wconf 73' lang='grc' dir='ltr'><strong>οὐκ</strong></span> <span class='ocrx_word' id='word_1_75' title='bbox 903 951 945 987; x_wconf 76' lang='grc' dir='ltr'><strong>ἂν</strong></span> <span class='ocrx_word' id='word_1_76' title='bbox 966 952 1135 998; x_wconf 80' lang='grc' dir='ltr'><em>μήνυτρον</em></span> <span class='ocrx_word' id='word_1_77' title='bbox 1155 951 1341 998; x_wconf 73' lang='grc' dir='ltr'><strong>γ’ᾰροίμην·</strong></span> 
     </span>
    </p>

    <p class='ocr_par' dir='ltr' id='par_1_7' title="bbox 434 1007 1236 1055">
     <span class='ocr_line' id='line_1_12' title="bbox 434 1007 1236 1055; baseline -0.001 -11"><span class='ocrx_word' id='word_1_78' title='bbox 434 1007 533 1050; x_wconf 77' lang='grc' dir='ltr'><strong><em>,,οὕδὲ</em></strong></span> <span class='ocrx_word' id='word_1_79' title='bbox 554 1012 646 1055; x_wconf 77' lang='grc' dir='ltr'><strong><em>βοῶν</em></strong></span> <span class='ocrx_word' id='word_1_80' title='bbox 668 1008 815 1054; x_wconf 77' lang='grc' dir='ltr'><strong>ἐλατῆρι,</strong></span> <span class='ocrx_word' id='word_1_81' title='bbox 837 1007 983 1053; x_wconf 67' lang='grc' dir='ltr'><strong><em>κραταίῲ</em></strong></span> <span class='ocrx_word' id='word_1_82' title='bbox 998 1010 1236 1054; x_wconf 76' lang='grc' dir='ltr'><strong><em>φῶτι,ἒοικα.“</em></strong></span> 
     </span>
    </p>

    <p class='ocr_par' dir='ltr' id='par_1_8' title="bbox 369 1099 1656 1155">
     <span class='ocr_line' id='line_1_13' title="bbox 369 1099 1656 1155; baseline -0.002 -12"><span class='ocrx_word' id='word_1_83' title='bbox 369 1101 550 1153; x_wconf 82' lang='lat' dir='ltr'><strong>Quorum</strong></span> <span class='ocrx_word' id='word_1_84' title='bbox 579 1101 829 1155; x_wconf 86' lang='lat' dir='ltr'><strong>postremum</strong></span> <span class='ocrx_word' id='word_1_85' title='bbox 840 1113 1004 1142; x_wconf 88' lang='lat' dir='ltr'><strong>versum</strong></span> <span class='ocrx_word' id='word_1_86' title='bbox 1019 1100 1276 1143; x_wconf 86' lang='lat' dir='ltr'><strong>Hermannus</strong></span> <span class='ocrx_word' id='word_1_87' title='bbox 1298 1100 1481 1154; x_wconf 87' lang='lat' dir='ltr'><strong>spurium</strong></span> <span class='ocrx_word' id='word_1_88' title='bbox 1501 1099 1656 1142; x_wconf 86' lang='lat' dir='ltr'><strong>indica-</strong></span> 
     </span>
    </p>

    <p class='ocr_par' dir='ltr' id='par_1_9' title="bbox 194 1166 1663 2545">
     <span class='ocr_line' id='line_1_14' title="bbox 224 1166 1656 1229; baseline -0.003 -12"><span class='ocrx_word' id='word_1_89' title='bbox 224 1168 312 1224; x_wconf 64' lang='lat' dir='ltr'><strong>&#39;&#39;vit,</strong></span> <span class='ocrx_word' id='word_1_90' title='bbox 343 1186 465 1229; x_wconf 90' lang='lat' dir='ltr'><strong>quum</strong></span> <span class='ocrx_word' id='word_1_91' title='bbox 506 1166 815 1227; x_wconf 81' lang='lat' dir='ltr'><strong>„negationibus</strong></span> <span class='ocrx_word' id='word_1_92' title='bbox 853 1172 975 1215; x_wconf 88' lang='lat' dir='ltr'><strong>toties</strong></span> <span class='ocrx_word' id='word_1_93' title='bbox 1007 1172 1094 1214; x_wconf 89' lang='lat' dir='ltr'><strong>sine</strong></span> <span class='ocrx_word' id='word_1_94' title='bbox 1125 1171 1271 1226; x_wconf 84' lang='lat' dir='ltr'><strong>copula</strong></span> <span class='ocrx_word' id='word_1_95' title='bbox 1298 1172 1485 1226; x_wconf 86' lang='lat' dir='ltr'><strong>repetitis</strong></span> <span class='ocrx_word' id='word_1_96' title='bbox 1516 1173 1656 1227; x_wconf 86' lang='lat' dir='ltr'><strong>aperte</strong></span> 
     </span>
     <span class='ocr_line' id='line_1_15' title="bbox 233 1244 1659 1303; baseline -0.001 -13"><span class='ocrx_word' id='word_1_97' title='bbox 233 1246 408 1303; x_wconf 82' lang='lat' dir='ltr'><strong>prodant</strong></span> <span class='ocrx_word' id='word_1_98' title='bbox 426 1245 652 1288; x_wconf 81' lang='lat' dir='ltr'><strong>rhetoricae</strong></span> <span class='ocrx_word' id='word_1_99' title='bbox 693 1244 918 1300; x_wconf 84' lang='lat' dir='ltr'><strong>elegantiae</strong></span> <span class='ocrx_word' id='word_1_100' title='bbox 949 1244 1172 1287; x_wconf 84' lang='lat' dir='ltr'><strong>studium.“</strong></span> <span class='ocrx_word' id='word_1_101' title='bbox 1229 1244 1278 1287; x_wconf 91' lang='lat' dir='ltr'><strong>Id</strong></span> <span class='ocrx_word' id='word_1_102' title='bbox 1307 1245 1445 1300; x_wconf 86' lang='lat' dir='ltr'><strong>negari</strong></span> <span class='ocrx_word' id='word_1_103' title='bbox 1494 1244 1659 1298; x_wconf 86' lang='lat' dir='ltr'><strong>quidem</strong></span> 
     </span>
     <span class='ocr_line' id='line_1_16' title="bbox 234 1314 1656 1375; baseline -0.002 -12"><span class='ocrx_word' id='word_1_104' title='bbox 234 1316 314 1363; x_wconf 90' lang='lat' dir='ltr'><strong>non</strong></span> <span class='ocrx_word' id='word_1_105' title='bbox 331 1320 487 1375; x_wconf 83' lang='lat' dir='ltr'><strong>potest,</strong></span> <span class='ocrx_word' id='word_1_106' title='bbox 509 1318 581 1361; x_wconf 87' lang='lat' dir='ltr'><strong>sed</strong></span> <span class='ocrx_word' id='word_1_107' title='bbox 601 1318 766 1360; x_wconf 89' lang='lat' dir='ltr'><strong>minime</strong></span> <span class='ocrx_word' id='word_1_108' title='bbox 786 1317 977 1360; x_wconf 87' lang='lat' dir='ltr'><strong>abhorret</strong></span> <span class='ocrx_word' id='word_1_109' title='bbox 1005 1330 1030 1360; x_wconf 87' lang='lat' dir='ltr'><strong>a</strong></span> <span class='ocrx_word' id='word_1_110' title='bbox 1049 1314 1198 1372; x_wconf 74' lang='lat' dir='ltr'><strong>puetis,</strong></span> <span class='ocrx_word' id='word_1_111' title='bbox 1229 1329 1279 1360; x_wconf 91' lang='lat' dir='ltr'><strong>ne</strong></span> <span class='ocrx_word' id='word_1_112' title='bbox 1299 1319 1349 1361; x_wconf 91' lang='lat' dir='ltr'><strong>ab</strong></span> <span class='ocrx_word' id='word_1_113' title='bbox 1364 1318 1543 1361; x_wconf 86' lang='lat' dir='ltr'><strong>Homero</strong></span> <span class='ocrx_word' id='word_1_114' title='bbox 1564 1318 1656 1372; x_wconf 87' lang='lat' dir='ltr'><strong>qui-</strong></span> 
     </span>
     <span class='ocr_line' id='line_1_17' title="bbox 236 1380 1657 1448; baseline -0.001 -13"><span class='ocrx_word' id='word_1_115' title='bbox 236 1393 327 1436; x_wconf 89' lang='lat' dir='ltr'><strong>dem</strong></span> <span class='ocrx_word' id='word_1_116' title='bbox 339 1425 349 1443; x_wconf 85' lang='lat'><strong>,</strong></span> <span class='ocrx_word' id='word_1_117' title='bbox 370 1404 490 1447; x_wconf 90' lang='lat' dir='ltr'><strong>quem</strong></span> <span class='ocrx_word' id='word_1_118' title='bbox 497 1393 654 1435; x_wconf 87' lang='lat' dir='ltr'><strong>veteres</strong></span> <span class='ocrx_word' id='word_1_119' title='bbox 666 1391 745 1446; x_wconf 89' lang='lat' dir='ltr'><strong>ipsi</strong></span> <span class='ocrx_word' id='word_1_120' title='bbox 755 1380 997 1435; x_wconf 82' lang='lat' dir='ltr'><strong>rhetoricam</strong></span> <span class='ocrx_word' id='word_1_121' title='bbox 1014 1391 1216 1434; x_wconf 88' lang='lat' dir='ltr'><strong>invenisse</strong></span> <span class='ocrx_word' id='word_1_122' title='bbox 1228 1404 1348 1448; x_wconf 89' lang='lat' dir='ltr'><strong>saepe</strong></span> <span class='ocrx_word' id='word_1_123' title='bbox 1363 1391 1505 1434; x_wconf 89' lang='lat' dir='ltr'><strong>multis</strong></span> <span class='ocrx_word' id='word_1_124' title='bbox 1526 1391 1657 1435; x_wconf 84' lang='lat' dir='ltr'><strong>modis</strong></span> 
     </span>
     <span class='ocr_line' id='line_1_18' title="bbox 236 1450 1660 1520; baseline -0.001 -12"><span class='ocrx_word' id='word_1_125' title='bbox 236 1465 441 1509; x_wconf 86' lang='lat' dir='ltr'><strong>declarare</strong></span> <span class='ocrx_word' id='word_1_126' title='bbox 472 1465 638 1506; x_wconf 87' lang='lat' dir='ltr'><strong>student</strong></span> <span class='ocrx_word' id='word_1_127' title='bbox 667 1464 908 1519; x_wconf 86' lang='lat' dir='ltr'><strong>(Baumeist.</strong></span> <span class='ocrx_word' id='word_1_128' title='bbox 939 1477 977 1519; x_wconf 88' lang='lat' dir='ltr'><strong>p.</strong></span> <span class='ocrx_word' id='word_1_129' title='bbox 1011 1464 1124 1519; x_wconf 87' lang='lat'>219).</span> <span class='ocrx_word' id='word_1_130' title='bbox 1182 1465 1325 1518; x_wconf 87' lang='lat' dir='ltr'><strong>Neque</strong></span> <span class='ocrx_word' id='word_1_131' title='bbox 1353 1464 1563 1520; x_wconf 83' lang='lat' dir='ltr'><strong>providum</strong></span> <span class='ocrx_word' id='word_1_132' title='bbox 1595 1450 1660 1506; x_wconf 85' lang='lat' dir='ltr'><strong>est</strong></span> 
     </span>
     <span class='ocr_line' id='line_1_19' title="bbox 238 1537 1656 1594; baseline 0.001 -14"><span class='ocrx_word' id='word_1_133' title='bbox 238 1551 284 1594; x_wconf 84' lang='lat' dir='ltr'><strong>ex</strong></span> <span class='ocrx_word' id='word_1_134' title='bbox 314 1552 360 1581; x_wconf 88' lang='lat' dir='ltr'><strong>eo</strong></span> <span class='ocrx_word' id='word_1_135' title='bbox 391 1539 497 1593; x_wconf 90' lang='lat' dir='ltr'><strong>quod</strong></span> <span class='ocrx_word' id='word_1_136' title='bbox 526 1538 676 1592; x_wconf 87' lang='lat' dir='ltr'><strong>Apollo</strong></span> <span class='ocrx_word' id='word_1_137' title='bbox 706 1550 828 1594; x_wconf 85' lang='lat' dir='ltr'><strong>penes</strong></span> <span class='ocrx_word' id='word_1_138' title='bbox 857 1539 995 1581; x_wconf 85' lang='lat' dir='ltr'><strong>Iovem</strong></span> <span class='ocrx_word' id='word_1_139' title='bbox 1025 1538 1126 1581; x_wconf 89' lang='lat' dir='ltr'><strong>duos</strong></span> <span class='ocrx_word' id='word_1_140' title='bbox 1156 1539 1313 1592; x_wconf 72' lang='lat' dir='ltr'><strong>priores</strong></span> <span class='ocrx_word' id='word_1_141' title='bbox 1361 1537 1521 1581; x_wconf 81' lang='lat' dir='ltr'><strong>tanturn</strong></span> <span class='ocrx_word' id='word_1_142' title='bbox 1570 1552 1656 1581; x_wconf 88' lang='lat' dir='ltr'><strong>ora-</strong></span> 
     </span>
     <span class='ocr_line' id='line_1_20' title="bbox 234 1601 1659 1672; baseline 0.001 -20"><span class='ocrx_word' id='word_1_143' title='bbox 234 1610 358 1653; x_wconf 88' lang='lat' dir='ltr'><strong>tionis</strong></span> <span class='ocrx_word' id='word_1_144' title='bbox 389 1611 584 1653; x_wconf 85' lang='lat' dir='ltr'><strong>Mercurii</strong></span> <span class='ocrx_word' id='word_1_145' title='bbox 633 1624 774 1654; x_wconf 87' lang='lat' dir='ltr'><strong>versus</strong></span> <span class='ocrx_word' id='word_1_146' title='bbox 823 1601 974 1665; x_wconf 79' lang='lat' dir='ltr'><strong>repetit</strong></span> <span class='ocrx_word' id='word_1_147' title='bbox 1024 1611 1077 1664; x_wconf 85' lang='lat' dir='ltr'><strong>(v.</strong></span> <span class='ocrx_word' id='word_1_148' title='bbox 1110 1612 1192 1654; x_wconf 89' lang='lat'><strong>363</strong></span> <span class='ocrx_word' id='word_1_149' title='bbox 1213 1634 1269 1640; x_wconf 88' lang='lat'><strong>—</strong></span> <span class='ocrx_word' id='word_1_150' title='bbox 1290 1610 1399 1672; x_wconf 32' lang='lat'>364).</span> <span class='ocrx_word' id='word_1_151' title='bbox 1421 1611 1659 1654; x_wconf 85' lang='lat' dir='ltr'><strong>concludere</strong></span> 
     </span>
     <span class='ocr_line' id='line_1_21' title="bbox 234 1672 1660 1747; baseline 0 -21"><span class='ocrx_word' id='word_1_152' title='bbox 234 1685 340 1726; x_wconf 86' lang='lat' dir='ltr'><strong>hunc</strong></span> <span class='ocrx_word' id='word_1_153' title='bbox 358 1685 711 1747; x_wconf 26' lang='lat' dir='ltr'><strong>tertium-versum</strong></span> <span class='ocrx_word' id='word_1_154' title='bbox 738 1672 1042 1739; x_wconf 74' lang='lat' dir='ltr'><strong>interpolatoris</strong></span> <span class='ocrx_word' id='word_1_155' title='bbox 1070 1696 1193 1726; x_wconf 89' lang='lat' dir='ltr'><strong>manu</strong></span> <span class='ocrx_word' id='word_1_156' title='bbox 1223 1685 1407 1727; x_wconf 88' lang='lat' dir='ltr'><strong>additum</strong></span> <span class='ocrx_word' id='word_1_157' title='bbox 1436 1697 1546 1727; x_wconf 85' lang='lat' dir='ltr'><strong>esse:</strong></span> <span class='ocrx_word' id='word_1_158' title='bbox 1576 1685 1660 1727; x_wconf 89' lang='lat' dir='ltr'><strong>illis</strong></span> 
     </span>
     <span class='ocr_line' id='line_1_22' title="bbox 239 1746 1658 1801; baseline -0.001 -1"><span class='ocrx_word' id='word_1_159' title='bbox 239 1757 393 1800; x_wconf 91' lang='lat' dir='ltr'><strong>duobus</strong></span> <span class='ocrx_word' id='word_1_160' title='bbox 445 1746 628 1800; x_wconf 83' lang='lat' dir='ltr'><strong>versibus</strong></span> <span class='ocrx_word' id='word_1_161' title='bbox 649 1757 876 1800; x_wconf 78' lang='lat' dir='ltr'><strong>Mercurius</strong></span> <span class='ocrx_word' id='word_1_162' title='bbox 924 1769 968 1801; x_wconf 90' lang='lat' dir='ltr'><strong>se</strong></span> <span class='ocrx_word' id='word_1_163' title='bbox 998 1756 1101 1800; x_wconf 89' lang='lat' dir='ltr'><strong>nihil</strong></span> <span class='ocrx_word' id='word_1_164' title='bbox 1145 1756 1199 1800; x_wconf 72' lang='lat' dir='ltr'><strong>de&#39;</strong></span> <span class='ocrx_word' id='word_1_165' title='bbox 1237 1757 1360 1800; x_wconf 90' lang='lat' dir='ltr'><strong>boum</strong></span> <span class='ocrx_word' id='word_1_166' title='bbox 1395 1758 1503 1800; x_wconf 86' lang='lat' dir='ltr'><strong>furto</strong></span> <span class='ocrx_word' id='word_1_167' title='bbox 1548 1769 1658 1801; x_wconf 85' lang='lat' dir='ltr'><strong>com-</strong></span> 
     </span>
     <span class='ocr_line' id='line_1_23' title="bbox 238 1830 1658 1886; baseline -0.001 -14"><span class='ocrx_word' id='word_1_168' title='bbox 238 1831 391 1885; x_wconf 85' lang='lat' dir='ltr'><strong>perisse</strong></span> <span class='ocrx_word' id='word_1_169' title='bbox 441 1830 562 1880; x_wconf 87' lang='lat' dir='ltr'><strong>dicit;</strong></span> <span class='ocrx_word' id='word_1_170' title='bbox 592 1831 716 1873; x_wconf 87' lang='lat' dir='ltr'><strong>tertio</strong></span> <span class='ocrx_word' id='word_1_171' title='bbox 746 1831 882 1873; x_wconf 87' lang='lat' dir='ltr'><strong>autem</strong></span> <span class='ocrx_word' id='word_1_172' title='bbox 927 1843 1048 1873; x_wconf 85' lang='lat' dir='ltr'><strong>versu</strong></span> <span class='ocrx_word' id='word_1_173' title='bbox 1095 1830 1138 1873; x_wconf 90' lang='lat' dir='ltr'><strong>id</strong></span> <span class='ocrx_word' id='word_1_174' title='bbox 1168 1831 1275 1885; x_wconf 90' lang='lat' dir='ltr'><strong>quod</strong></span> <span class='ocrx_word' id='word_1_175' title='bbox 1316 1831 1480 1874; x_wconf 47' lang='lat' dir='ltr'><strong>*dixerat</strong></span> <span class='ocrx_word' id='word_1_176' title='bbox 1522 1831 1658 1886; x_wconf 89' lang='lat' dir='ltr'><strong>gravi-</strong></span> 
     </span>
     <span class='ocr_line' id='line_1_24' title="bbox 240 1898 1657 1958; baseline 0 -14"><span class='ocrx_word' id='word_1_177' title='bbox 240 1902 365 1945; x_wconf 85' lang='lat' dir='ltr'><strong>ssima</strong></span> <span class='ocrx_word' id='word_1_178' title='bbox 394 1915 517 1945; x_wconf 87' lang='lat' dir='ltr'><strong>causa</strong></span> <span class='ocrx_word' id='word_1_179' title='bbox 537 1902 711 1954; x_wconf 84' lang='lat' dir='ltr'><strong>effulcit,</strong></span> <span class='ocrx_word' id='word_1_180' title='bbox 734 1916 855 1958; x_wconf 86' lang='lat' dir='ltr'><strong>quam</strong></span> <span class='ocrx_word' id='word_1_181' title='bbox 878 1904 1045 1958; x_wconf 82' lang='lat' dir='ltr'><strong>Apollo,</strong></span> <span class='ocrx_word' id='word_1_182' title='bbox 1076 1908 1133 1946; x_wconf 86' lang='lat' dir='ltr'><strong>ne</strong></span> <span class='ocrx_word' id='word_1_183' title='bbox 1156 1898 1362 1947; x_wconf 84' lang='lat' dir='ltr'><strong>accusatio</strong></span> <span class='ocrx_word' id='word_1_184' title='bbox 1388 1904 1504 1947; x_wconf 87' lang='lat' dir='ltr'><strong>irrita</strong></span> <span class='ocrx_word' id='word_1_185' title='bbox 1530 1903 1657 1952; x_wconf 85' lang='lat' dir='ltr'><strong>fieret,</strong></span> 
     </span>
     <span class='ocr_line' id='line_1_25' title="bbox 239 1976 1658 2032; baseline 0 -15"><span class='ocrx_word' id='word_1_186' title='bbox 239 1976 373 2018; x_wconf 90' lang='lat' dir='ltr'><strong>lovem</strong></span> <span class='ocrx_word' id='word_1_187' title='bbox 403 1976 564 2018; x_wconf 83' lang='lat' dir='ltr'><strong>celavit.</strong></span> <span class='ocrx_word' id='word_1_188' title='bbox 625 1976 679 2018; x_wconf 87' lang='lat' dir='ltr'><strong>Et</strong></span> <span class='ocrx_word' id='word_1_189' title='bbox 707 1977 886 2031; x_wconf 88' lang='lat' dir='ltr'><strong>profecto</strong></span> <span class='ocrx_word' id='word_1_190' title='bbox 917 1976 1162 2028; x_wconf 89' lang='lat' dir='ltr'><strong>Mercurius,</strong></span> <span class='ocrx_word' id='word_1_191' title='bbox 1194 1977 1241 2019; x_wconf 93' lang='lat' dir='ltr'><strong>ut</strong></span> <span class='ocrx_word' id='word_1_192' title='bbox 1265 1977 1410 2032; x_wconf 90' lang='lat' dir='ltr'><strong>probet</strong></span> <span class='ocrx_word' id='word_1_193' title='bbox 1448 1990 1491 2019; x_wconf 92' lang='lat' dir='ltr'><strong>se</strong></span> <span class='ocrx_word' id='word_1_194' title='bbox 1534 1976 1658 2019; x_wconf 82' lang='lat' dir='ltr'><strong>boves</strong></span> 
     </span>
     <span class='ocr_line' id='line_1_26' title="bbox 232 2035 1652 2105; baseline 0.001 -15"><span class='ocrx_word' id='word_1_195' title='bbox 232 2061 316 2096; x_wconf 79' lang='lat' dir='ltr'><strong>,non</strong></span> <span class='ocrx_word' id='word_1_196' title='bbox 341 2048 548 2103; x_wconf 79' lang='lat' dir='ltr'><strong>abegisse,</strong></span> <span class='ocrx_word' id='word_1_197' title='bbox 580 2051 820 2104; x_wconf 88' lang='lat' dir='ltr'><strong>argumento</strong></span> <span class='ocrx_word' id='word_1_198' title='bbox 855 2050 985 2092; x_wconf 81' lang='lat' dir='ltr'><strong>utitur</strong></span> <span class='ocrx_word' id='word_1_199' title='bbox 1014 2050 1106 2093; x_wconf 88' lang='lat' dir='ltr'><strong>hoc:</strong></span> <span class='ocrx_word' id='word_1_200' title='bbox 1138 2051 1337 2105; x_wconf 90' lang='lat' dir='ltr'><strong>quomodo</strong></span> <span class='ocrx_word' id='word_1_201' title='bbox 1386 2049 1460 2093; x_wconf 88' lang='lat' dir='ltr'><strong>fiat</strong></span> <span class='ocrx_word' id='word_1_202' title='bbox 1505 2051 1552 2092; x_wconf 91' lang='lat' dir='ltr'><strong>ut</strong></span> <span class='ocrx_word' id='word_1_203' title='bbox 1578 2035 1652 2104; x_wconf 81' lang='lat' dir='ltr'><strong>ego</strong></span> 
     </span>
     <span class='ocr_line' id='line_1_27' title="bbox 194 2111 1661 2176; baseline 0.002 -14"><span class='ocrx_word' id='word_1_204' title='bbox 194 2162 205 2173; x_wconf 29' lang='lat' dir='ltr'>x</span> <span class='ocrx_word' id='word_1_205' title='bbox 240 2121 326 2162; x_wconf 86' lang='lat' dir='ltr'><strong>heri</strong></span> <span class='ocrx_word' id='word_1_206' title='bbox 346 2122 476 2174; x_wconf 11' lang='lat' dir='ltr'><strong>*natus</strong></span> <span class='ocrx_word' id='word_1_207' title='bbox 506 2123 661 2164; x_wconf 86' lang='lat' dir='ltr'><strong>furtum</strong></span> <span class='ocrx_word' id='word_1_208' title='bbox 696 2125 783 2166; x_wconf 83' lang='lat' dir='ltr'><strong>tam</strong></span> <span class='ocrx_word' id='word_1_209' title='bbox 812 2123 978 2167; x_wconf 86' lang='lat' dir='ltr'><strong>difficile</strong></span> <span class='ocrx_word' id='word_1_210' title='bbox 1023 2111 1320 2166; x_wconf 77' lang='lat' dir='ltr'><strong>commiserim?</strong></span> <span class='ocrx_word' id='word_1_211' title='bbox 1336 2123 1364 2176; x_wconf 86' lang='lat'><strong>¹)</strong></span> <span class='ocrx_word' id='word_1_212' title='bbox 1393 2124 1539 2174; x_wconf 89' lang='lat' dir='ltr'><strong>Porro,</strong></span> <span class='ocrx_word' id='word_1_213' title='bbox 1589 2136 1661 2165; x_wconf 90' lang='lat' dir='ltr'><strong>cnr</strong></span> 
     </span>
     <span class='ocr_line' id='line_1_28' title="bbox 241 2183 1663 2250; baseline 0.003 -16"><span class='ocrx_word' id='word_1_214' title='bbox 241 2193 393 2247; x_wconf 85' lang='lat' dir='ltr'><strong>Apollo</strong></span> <span class='ocrx_word' id='word_1_215' title='bbox 432 2194 520 2236; x_wconf 86' lang='lat' dir='ltr'><strong>Iovi</strong></span> <span class='ocrx_word' id='word_1_216' title='bbox 560 2191 641 2238; x_wconf 77' lang='lat' dir='ltr'><strong>non&#39;</strong></span> <span class='ocrx_word' id='word_1_217' title='bbox 688 2195 850 2248; x_wconf 89' lang='lat' dir='ltr'><strong>retulit,</strong></span> <span class='ocrx_word' id='word_1_218' title='bbox 880 2186 1127 2239; x_wconf 76' lang='lat' dir='ltr'><strong>Mercurium</strong></span> <span class='ocrx_word' id='word_1_219' title='bbox 1176 2183 1456 2239; x_wconf 76' lang='lat' dir='ltr'><strong>iusiurandum</strong></span> <span class='ocrx_word' id='word_1_220' title='bbox 1504 2208 1663 2250; x_wconf 88' lang='lat' dir='ltr'><strong>quoque</strong></span> 
     </span>
     <span class='ocr_line' id='line_1_29' title="bbox 239 2265 1660 2328; baseline 0.003 -21"><span class='ocrx_word' id='word_1_221' title='bbox 239 2278 294 2307; x_wconf 81' lang='lat' dir='ltr'><strong>se·</strong></span> <span class='ocrx_word' id='word_1_222' title='bbox 315 2265 504 2310; x_wconf 86' lang='lat' dir='ltr'><strong>daturum</strong></span> <span class='ocrx_word' id='word_1_223' title='bbox 540 2281 631 2311; x_wconf 89' lang='lat' dir='ltr'><strong>esse</strong></span> <span class='ocrx_word' id='word_1_224' title='bbox 661 2269 923 2328; x_wconf 76' lang='lat' dir='ltr'><strong>promisisse?</strong></span> <span class='ocrx_word' id='word_1_225' title='bbox 955 2269 1096 2320; x_wconf 85' lang='lat' dir='ltr'><strong>Certe,</strong></span> <span class='ocrx_word' id='word_1_226' title='bbox 1128 2270 1223 2325; x_wconf 88' lang='lat' dir='ltr'><strong>quia</strong></span> <span class='ocrx_word' id='word_1_227' title='bbox 1266 2270 1389 2312; x_wconf 90' lang='lat' dir='ltr'><strong>etiam</strong></span> <span class='ocrx_word' id='word_1_228' title='bbox 1419 2270 1511 2312; x_wconf 19' lang='lat' dir='ltr'><strong>hoc*</strong></span> <span class='ocrx_word' id='word_1_229' title='bbox 1540 2281 1660 2311; x_wconf 82' lang='lat' dir='ltr'><strong>accu-</strong></span> 
     </span>
     <span class='ocr_line' id='line_1_30' title="bbox 218 2338 1661 2398; baseline 0.003 -19"><span class='ocrx_word' id='word_1_230' title='bbox 218 2338 452 2389; x_wconf 17' lang='lat' dir='ltr'><strong>sationem,</strong></span> <span class='ocrx_word' id='word_1_231' title='bbox 470 2342 602 2395; x_wconf 80' lang='lat' dir='ltr'><strong>magis</strong></span> <span class='ocrx_word' id='word_1_232' title='bbox 631 2344 841 2397; x_wconf 80' lang='lat' dir='ltr'><strong>magisque</strong></span> <span class='ocrx_word' id='word_1_233' title='bbox 871 2356 1017 2385; x_wconf 84' lang='lat' dir='ltr'><strong>vanam</strong></span> <span class='ocrx_word' id='word_1_234' title='bbox 1046 2342 1233 2392; x_wconf 82' lang='lat' dir='ltr'><strong>fecisset,</strong></span> <span class='ocrx_word' id='word_1_235' title='bbox 1265 2355 1359 2384; x_wconf 83' lang='lat' dir='ltr'><strong>nam</strong></span> <span class='ocrx_word' id='word_1_236' title='bbox 1390 2343 1661 2398; x_wconf 85' lang='lat' dir='ltr'><strong>peieraturum</strong></span> 
     </span>
     <span class='ocr_line' id='line_1_31' title="bbox 241 2410 1662 2471; baseline 0.002 -19"><span class='ocrx_word' id='word_1_237' title='bbox 241 2422 332 2452; x_wconf 87' lang='lat' dir='ltr'><strong>esse</strong></span> <span class='ocrx_word' id='word_1_238' title='bbox 361 2410 609 2456; x_wconf 89' lang='lat' dir='ltr'><strong>Mercurium</strong></span> <span class='ocrx_word' id='word_1_239' title='bbox 641 2415 825 2470; x_wconf 85' lang='lat' dir='ltr'><strong>quamvis</strong></span> <span class='ocrx_word' id='word_1_240' title='bbox 854 2415 1073 2458; x_wconf 89' lang='lat' dir='ltr'><strong>iuvenilem</strong></span> <span class='ocrx_word' id='word_1_241' title='bbox 1121 2416 1233 2458; x_wconf 86' lang='lat' dir='ltr'><strong>nullo</strong></span> <span class='ocrx_word' id='word_1_242' title='bbox 1274 2414 1392 2458; x_wconf 84' lang='lat' dir='ltr'><strong>modo</strong></span> <span class='ocrx_word' id='word_1_243' title='bbox 1438 2415 1662 2471; x_wconf 85' lang='lat' dir='ltr'><strong>exspectari</strong></span> 
     </span>
     <span class='ocr_line' id='line_1_32' title="bbox 240 2479 1662 2545; baseline 0.004 -21"><span class='ocrx_word' id='word_1_244' title='bbox 240 2479 429 2542; x_wconf 68' lang='lat' dir='ltr'><strong>potuerit.</strong></span> <span class='ocrx_word' id='word_1_245' title='bbox 490 2485 535 2528; x_wconf 87' lang='lat' dir='ltr'><strong>Si</strong></span> <span class='ocrx_word' id='word_1_246' title='bbox 556 2499 648 2530; x_wconf 83' lang='lat' dir='ltr'><strong>vcro</strong></span> <span class='ocrx_word' id='word_1_247' title='bbox 678 2488 749 2532; x_wconf 90' lang='lat' dir='ltr'><strong>ille</strong></span> <span class='ocrx_word' id='word_1_248' title='bbox 778 2489 822 2531; x_wconf 94' lang='lat' dir='ltr'><strong>id</strong></span> <span class='ocrx_word' id='word_1_249' title='bbox 851 2488 957 2545; x_wconf 90' lang='lat' dir='ltr'><strong>quod</strong></span> <span class='ocrx_word' id='word_1_250' title='bbox 978 2489 1135 2532; x_wconf 82' lang='lat' dir='ltr'><strong>dixerat</strong></span> <span class='ocrx_word' id='word_1_251' title='bbox 1154 2489 1409 2532; x_wconf 87' lang='lat' dir='ltr'><strong>iureiurando</strong></span> <span class='ocrx_word' id='word_1_252' title='bbox 1448 2500 1491 2530; x_wconf 92' lang='lat' dir='ltr'><strong>se</strong></span> <span class='ocrx_word' id='word_1_253' title='bbox 1518 2488 1662 2530; x_wconf 83' lang='lat' dir='ltr'><strong>confir-</strong></span> 
     </span>
    </p>
   </div>
   <div class='ocr_carea' id='block_1_5' title="bbox 245 2572 461 2586">
    <p class='ocr_par' dir='ltr' id='par_1_10' title="bbox 245 2572 461 2586">
     <span class='ocr_line' id='line_1_33' title="bbox 245 2572 461 2586; baseline 0 -8"><span class='ocrx_word' id='word_1_254' title='bbox 245 2572 461 2586; x_wconf 38' lang='lat' dir='ltr'>——pss-</span> 
     </span>
    </p>
   </div>
   <div class='ocr_carea' id='block_1_6' title="bbox 462 2576 580 2582">
    <p class='ocr_par' dir='ltr' id='par_1_11' title="bbox 462 2576 580 2582">
     <span class='ocr_line' id='line_1_34' title="bbox 462 2576 580 2582; baseline 0 0"><span class='ocrx_word' id='word_1_255' title='bbox 462 2576 580 2582; x_wconf 95' lang='lat' dir='ltr'><strong> </strong></span> 
     </span>
    </p>
   </div>
   <div class='ocr_carea' id='block_1_7' title="bbox 333 2588 853 2674">
    <p class='ocr_par' dir='ltr' id='par_1_12' title="bbox 333 2588 853 2674">
     <span class='ocr_line' id='line_1_35' title="bbox 333 2588 853 2674; baseline 0.01 -22"><span class='ocrx_word' id='word_1_256' title='bbox 333 2672 336 2674; x_wconf 12' lang='lat'>*</span> <span class='ocrx_word' id='word_1_257' title='bbox 373 2588 404 2661; x_wconf 60' lang='grc' dir='ltr'><strong>ἶ)</strong></span> <span class='ocrx_word' id='word_1_258' title='bbox 429 2617 499 2652; x_wconf 68' lang='lat' dir='ltr'><strong>efr.</strong></span> <span class='ocrx_word' id='word_1_259' title='bbox 524 2630 590 2654; x_wconf 82' lang='lat' dir='ltr'><strong>vss.</strong></span> <span class='ocrx_word' id='word_1_260' title='bbox 614 2622 682 2657; x_wconf 81' lang='lat'><strong>376</strong></span> <span class='ocrx_word' id='word_1_261' title='bbox 706 2624 743 2658; x_wconf 77' lang='lat' dir='ltr'><strong>et</strong></span> <span class='ocrx_word' id='word_1_262' title='bbox 761 2624 853 2659; x_wconf 79' lang='lat'><strong>377:</strong></span> 
     </span>
    </p>
   </div>
   <div class='ocr_carea' id='block_1_8' title="bbox 443 2695 1459 2804">
    <p class='ocr_par' dir='ltr' id='par_1_13' title="bbox 443 2695 1459 2804">
     <span class='ocr_line' id='line_1_36' title="bbox 443 2695 1459 2748; baseline 0 -12"><span class='ocrx_word' id='word_1_263' title='bbox 443 2695 588 2744; x_wconf 50' lang='lat' dir='ltr'><strong>,idstde</strong></span> <span class='ocrx_word' id='word_1_264' title='bbox 612 2700 675 2745; x_wconf 72' lang='grc' dir='ltr'><strong>ἐγώ</strong></span> <span class='ocrx_word' id='word_1_265' title='bbox 697 2702 818 2745; x_wconf 75' lang='grc' dir='ltr'><strong><em>χθιζὸς</em></strong></span> <span class='ocrx_word' id='word_1_266' title='bbox 838 2703 994 2748; x_wconf 80' lang='grc' dir='ltr'><strong>γενόμην,</strong></span> <span class='ocrx_word' id='word_1_267' title='bbox 1017 2706 1062 2738; x_wconf 73' lang='grc' dir='ltr'><strong>τὰ</strong></span> <span class='ocrx_word' id='word_1_268' title='bbox 1083 2700 1121 2737; x_wconf 76' lang='grc' dir='ltr'><strong>δὲ</strong></span> <span class='ocrx_word' id='word_1_269' title='bbox 1144 2701 1245 2737; x_wconf 70' lang='grc' dir='ltr'><strong><em>τὀἶδε</em></strong></span> <span class='ocrx_word' id='word_1_270' title='bbox 1270 2709 1324 2736; x_wconf 70' lang='grc' dir='ltr'><strong>καὶ</strong></span> <span class='ocrx_word' id='word_1_271' title='bbox 1346 2703 1459 2744; x_wconf 71' lang='grc' dir='ltr'><strong><em>αὐτὸς,</em></strong></span> 
     </span>
     <span class='ocr_line' id='line_1_37' title="bbox 443 2752 1288 2804; baseline -0.001 -11"><span class='ocrx_word' id='word_1_272' title='bbox 443 2752 553 2793; x_wconf 59' lang='lat'><em>„051⁶</em></span> <span class='ocrx_word' id='word_1_273' title='bbox 575 2758 666 2800; x_wconf 71' lang='grc' dir='ltr'><strong>βοῶν</strong></span> <span class='ocrx_word' id='word_1_274' title='bbox 690 2756 825 2804; x_wconf 70' lang='grc' dir='ltr'><strong>ἐλατῆρι</strong></span> <span class='ocrx_word' id='word_1_275' title='bbox 848 2761 996 2804; x_wconf 59' lang='grc' dir='ltr'><strong>κραταιίς»</strong></span> <span class='ocrx_word' id='word_1_276' title='bbox 1019 2761 1118 2804; x_wconf 70' lang='grc' dir='ltr'><strong><em>φῶτε.</em></strong></span> <span class='ocrx_word' id='word_1_277' title='bbox 1141 2758 1288 2796; x_wconf 51' lang='lat' dir='ltr'><strong>{amsa-⁴</strong></span> 
     </span>
    </p>
   </div>
  </div>
 </body>
</html>
