1967 3105
1008 221 1067 291 14

320 364 520 394 summam
551 352 742 394 carminis
771 352 813 394 in
845 352 965 394 boum
994 351 1103 394 furto
1134 350 1312 405 positam
1343 362 1435 394 esse
1464 351 1576 395 recte
1605 354 1750 408 negat3

318 425 443 466 immo
474 426 617 478 poetae
649 424 864 467 consilium
894 412 1036 474 fuisse,
1062 425 1115 466 ut
1149 436 1319 466 munera
1361 423 1567 477 Apollinis
1616 427 1751 468 omnia

323 497 450 539 etiam
479 497 530 539 ad
560 497 812 540 Mercurium
856 496 995 539 delata
1024 508 1113 538 esse
1144 496 1324 546 doceret,
1374 496 1436 538 ita
1471 496 1654 549 quidem,
1704 499 1751 540 ut

321 570 422 611 deus
454 570 630 623 agrestis
661 570 703 611 et
731 569 939 622 popularis
970 569 1105 611 locum
1134 568 1434 610 honoratiorem
1467 569 1584 610 fratri
1621 582 1750 624 augu-

322 642 442 684 stiori
492 633 772 685 consederet.“
832 641 930 695 (Cfr.
962 641 1187 684 Baumeisth
1219 641 1246 682 1.
1278 640 1306 682 1.
1342 652 1381 693 p.
1423 639 1534 693 186.)
1596 641 1676 684 Sed
1714 643 1750 684 si

322 715 626 756 Baumeisterus
648 715 751 756 hanc
774 715 1010 768 primariam
1030 714 1174 769 poetae
1199 713 1325 756 fuisse
1354 714 1473 768 putat
1492 713 1748 767 sententiam,

320 788 500 842 primum
531 788 721 830 carminis
758 786 867 840 parti
898 788 1125 837 extremae,
1156 798 1259 841 quae
1290 785 1342 828 ad
1372 786 1542 828 formam
1587 799 1749 841 germa-

320 873 413 902 nam
444 859 568 902 variis
600 859 649 902 de
680 859 823 903 causis*
844 860 974 902 iustas
996 860 1271 902 dubitationes
1301 861 1450 908 movet,
1501 871 1601 913 quas
1644 859 1750 902 infra

318 933 589 985 proferemus,
637 932 808 974 nimium
838 933 1088 973 momentum
1117 931 1278 981 tribuit,
1326 931 1471 974 deinde
1514 944 1644 984 neque
1685 933 1749 974 in-

319 1004 525 1060 telligitur
553 1004 782 1060 episodium
805 1005 853 1047 de
873 1005 985 1059 lyrae
1013 1004 1252 1048 inventione·
1271 1016 1402 1058 neque
1429 1005 1617 1058 apparet,
1649 1016 1749 1059 quo-

318 1089 413 1118 nam
442 1076 610 1118 consilio
640 1077 818 1118 narratio
850 1077 925 1118 illa
951 1078 999 1118 de
1031 1078 1150 1119 boum
1181 1078 1289 1119 furto
1320 1077 1576 1129 amplissima
1611 1077 1749 1119 etar-

317 1149 516 1198 tificiosa,
549 1163 653 1203 quae
684 1151 733 1191 ad
773 1150 992 1192 dictionem
1042 1150 1297 1203 perspicuam
1344 1149 1387 1191 et
1435 1141 1749 1202 descriptionem

318 1220 495 1263 vividam
525 1223 615 1264 tota
643 1222 727 1263 fere
758 1223 1015 1264 Homericam
1049 1222 1179 1275 sapit,
1211 1234 1236 1264 a
1285 1222 1405 1276 poeta
1450 1222 1634 1277 confecta
1681 1223 1747 1272 sit,

320 1295 563 1347 praesertim
594 1307 717 1348 quum
750 1295 946 1336 maiorem
985 1295 1174 1336 carminis
1214 1294 1372 1348 partem
1398 1293 1565 1336 efficiat.
1627 1294 1758 1344 Sum-⁸

318 1379 427 1409 mam
459 1368 650 1409 carminis
678 1380 756 1410 non
787 1368 828 1409 in
870 1367 989 1409 boum
1039 1368 1147 1409 furto
1196 1367 1370 1420 positam
1398 1380 1509 1409 esse
1560 1368 1747 1417 concedo,

317 1453 410 1483 nam
443 1442 585 1482 versus
621 1441 670 1482 13
690 1443 821 1489 -16,
853 1440 1039 1495 inprimis
1072 1452 1213 1498 versus
1250 1442 1317 1489 15,
1349 1438 1456 1482 haud
1477 1439 1599 1482 dubie
1628 1452 1748 1492 spec-

317 1513 410 1554 tant
439 1513 490 1554 ad
522 1525 681 1555 carmen
714 1508 890 1567 amplius
921 1513 963 1554 et
993 1513 1115 1555 latius
1147 1515 1290 1567 patens
1313 1525 1433 1566 quam
1464 1513 1516 1555 ad
1546 1524 1618 1554 nos
1650 1525 1744 1566 per-

316 1584 440 1626 venit.
500 1585 700 1638 Equidem
728 1587 827 1645 puto
857 1585 1019 1638 poetam
1053 1585 1156 1626 nihil
1205 1586 1315 1627 aliud
1360 1585 1437 1627 sibi
1485 1585 1744 1645 proposuisse

321 1657 401 1698 nisi
431 1658 478 1699 ut
494 1647 733 1700 ‘illustraret
763 1659 805 1700 et
834 1657 1060 1700 celebraret
1088 1657 1281 1699 Mercurii
1319 1658 1543 1699 sollertiam
1579 1657 1740 1711 ingeni-

318 1741 390 1771 um
419 1729 635 1780 astutiam,
668 1730 815 1787 quibus
847 1731 1011 1772 adiutus
1060 1727 1163 1772 'deus
1188 1730 1308 1773 ·inde
1359 1743 1384 1772 a
1412 1731 1526 1772 cunis
1576 1730 1741 1771 divitias

319 1802 606 1845 auctoritatem
635 1803 807 1846 honores
838 1803 915 1846 sibi
945 1805 1073 1858 parat.
1135 1804 1225 1845 Hoc
1255 1802 1469 1846 consilium
1498 1803 1643 1857 poetae
1678 1803 1744 1844 fu·-

315 1875 398 1916 isse
428 1888 477 1916 ex
507 1876 649 1917 multis
681 1865 853 1930 singulis
884 1876 1023 1930 hymni
1054 1877 1154 1917 locis
1187 1876 1376 1929 cognosci
1396 1878 1544 1928 potest.
1607 1875 1744 1927 Quan-

315 1949 359 1989 ta
389 1944 575 1990 sollertia
605 1949 832 1991 Mercurius
852 1949 983 2003 lyram
1031 1948 1215 1998 conficit,
1246 1949 1381 2002 ignem
1412 1961 1434 1990 e
1464 1947 1589 1990 ramis
1637 1947 1744 1989 ferro

314 2020 471 2063 fricatis
504 2021 617 2063 elicit
647 2021 689 2063 et
718 2021 841 2063 boum
869 2022 1140 2064 mactatarum
1169 2021 1299 2074 pelles
1330 2034 1452 2076 super
1481 2033 1601 2073 rupes
1649 2031 1745 2062 con-

317 2093 484 2135 sternit!
545 2093 654 2145 Quot
685 2096 726 2136 et
753 2106 875 2148 quam
894 2095 1104 2148 praeclara
1130 2094 1234 2136 dona
1254 2094 1304 2135 ab
1326 2094 1516 2149 Apolline
1552 2106 1624 2147 pro
1656 2093 1744 2147 lyra

315 2166 483 2220 accipit;
515 2166 687 2221 denique
718 2179 841 2221 quam
872 2167 1020 2209 callide
1050 2167 1172 2210 boves
1203 2167 1342 2209 fratris
1373 2167 1504 2221 abigit
1529 2170 1570 2209 et
1614 2166 1742 2209 vesti·
1801 2219 1811 2226 .

314 2238 396 2293 giis
427 2239 514 2281 suis
545 2239 722 2282 confusis
752 2239 921 2283 infantis
953 2240 1264 2283 inbecillitatem
1294 2240 1337 2282 et
1365 2240 1641 2295 integritatem
1689 2239 1742 2281 si-

313 2311 472 2365 mulat?
529 2311 720 2354 Ceterum
752 2315 873 2366 poeta
901 2314 990 2366 ipse
1020 2314 1098 2355 hoc
1127 2313 1349 2356 consilium*
1373 2313 1563 2356 dilucidis
1608 2311 1741 2354 verbis

314 2383 495 2426 indicare
526 2385 627 2426 mihi
658 2384 820 2428 videtur
849 2386 1033 2428 versibus
1070 2387 1118 2428 15
1150 2387 1192 2428 et
1225 2388 1298 2429 16:

519 2534 1139 2544 ............
1188 2508 1224 2546 ὃς
1247 2509 1320 2552 τάχ’
1344 2507 1479 2554 ἔμελλεν

518 2565 707 2610 ἀμφανέειν
729 2564 830 2600 κλυτὰ
853 2566 930 2611 ἑζὶγα
953 2567 1030 2609 μετ’
1053 2566 1259 2601 ἀθανάτοισι
1282 2568 1425 2601 θεοῖσιν.

453 2678 569 2730 Quod
583 2679 617 2719 si
641 2680 748 2720 recte
770 2680 1069 2733 disputa-vimus
1091 2679 1280 2722 carminis
1302 2679 1504 2721 actionem
1525 2676 1743 2718 unitariam

316 2751 530 2793 latissimis
568 2752 730 2805 quidem
761 2752 910 2793 finibus
942 2752 1287 2806 circumscriptam
1321 2766 1397 2794 non
1430 2747 1738 2797 desideraveris,
