1967 3105
930 173 987 216 15

249 317 328 362 qua
354 303 407 348 de
436 314 558 346 causa
587 302 736 356 hymno
765 300 873 344 inter
903 301 1079 355 reliquos
1118 302 1287 357 hymnos
1318 302 1556 346 Homericos
1606 304 1669 345 iu-

248 380 359 421 stum
388 377 519 420 locum
551 373 767 417 concedere
781 374 931 437 ‘nullus
963 375 1115 418 dubito.
1128 398 1173 405 -

575 479 659 533 De
699 479 948 549 partibus
990 480 1349 550 interpolatis,

381 586 674 641 Proposuimus
701 585 818 628 nobis
849 598 896 627 ex
924 598 1074 641 magno
1100 599 1268 628 numero
1289 598 1391 640 quae
1410 587 1670 644 inveniuntur

245 662 383 704 in.hoc
394 661 542 714 hymno
560 659 877 712 corruptelarum
897 659 1110 714 praecipue
1123 647 1460 715 interpolationes
1491 660 1669 702 tractare
1696 660 1700 661 ⁷

247 746 348 788 quas
373 744 452 781 non
479 744 628 787 paucas
660 742 748 772 esse
778 731 949 775 constat.
1001 731 1080 784 Sed
1100 732 1143 774 in
1162 732 1447 785 disquisitione
1477 733 1668 773 carminis

247 806 504 849 librariorum
535 805 699 846 inscitia
727 804 768 845 et
805 804 1035 857 temporum
1076 796 1292 859 iniquitate
1336 804 1532 859 corrupti,
1557 805 1669 863 -Viri

248 879 370 921 Docti
397 878 596 919 diversam
627 876 805 922 inierunt
834 877 1048 926 rationem;
1080 876 1151 919 alii
1178 878 1296 927 enim,
1332 877 1379 918 ut
1397 877 1670 931 Matthiaeus‚

249 950 361 1007 nulla
389 950 471 992 fere
501 949 656 991 ratione
688 939 827 991 habita
856 948 956 990 artis
987 943 1152 991 criticae
1199 949 1337 1003 hymni
1363 950 1500 1002 partes
1547 949 1665 1003 quasi

248 1023 462 1078 persecant
492 1023 881 1076 circumciduntque,
924 1023 984 1064 ita
1013 1023 1060 1063 ut
1108 1034 1211 1076 quae
1249 1021 1415 1064 minime
1463 1021 1670 1065 offendunt

248 1096 498 1139 narrationes
543 1094 681 1149 inepta
730 1093 1004 1137 additamenta
1033 1107 1129 1150 esse
1159 1094 1423 1145 arbitrentur;
1470 1095 1542 1136 alii
1590 1095 1669 1137 sibi

249 1169 545 1222 proposuerunt
565 1179 726 1216 carmen
748 1169 981 1220 corruptum
994 1198 1004 1217 ‚
1033 1179 1159 1220 quum
1183 1167 1350 1209 lacunas
1371 1168 1547 1222 fingunt,
1579 1181 1667 1211 me-

250 1240 341 1283 dica
369 1252 491 1283 manu
521 1240 711 1282 adiuvare
741 1239 1004 1294 redigereque
1032 1239 1073 1281 in
1104 1239 1320 1292 pristinam
1357 1240 1541 1283 formam.
1600 1241 1670 1283 In-

243 1308 307 1355 te(-
349 1313 542 1368 utrosque
599 1313 775 1355 mediam
818 1313 1010 1367 persequi
1056 1313 1166 1354 viam
1214 1313 1411 1367 optimum
1459 1313 1668 1364 habemus,

244 1398 341 1428 nam
369 1386 546 1441 genuina
576 1387 618 1428 et
648 1386 786 1439 spuria
814 1386 876 1428 ita
902 1385 1008 1427 inter
1038 1397 1081 1427 se
1109 1385 1236 1428 mixta
1276 1386 1389 1436 sunt,
1427 1386 1474 1428 ut
1521 1399 1667 1429 munus

246 1458 534 1509 difficillimum
567 1459 799 1512 exquirendi
849 1471 950 1513 quae
995 1470 1091 1500 vera
1134 1459 1323 1500 carminis
1373 1459 1498 1501 fuerit
1540 1459 1671 1502 forma

246 1531 364 1573 caute
395 1531 437 1573 et
465 1532 672 1573 moderate
703 1531 993 1573 absolvendum
1019 1542 1147 1584 neque
1179 1531 1467 1583 praeiudicatis
1511 1533 1668 1586 opinio-

246 1604 365 1651 nibus
416 1591 712 1646 concedendum
762 1603 848 1645 sit..v
888 1602 1102 1645 Praeclare
1150 1602 1192 1644 in
1241 1603 1427 1658 nostrum
1456 1604 1670 1657 *hymnum

246 1676 449 1730 quadrant
474 1690 576 1731 quae
605 1676 868 1719 Ruhnkenius
909 1676 951 1717 in
989 1674 1120 1728 Epist.
1154 1676 1214 1717 ait
1242 1675 1292 1717 de
1341 1676 1667 1731 interpolationi-

245 1749 378 1802 bus:¹)
409 1749 503 1799 „Sit
532 1761 693 1791 carmen
723 1748 908 1804 aliquod,
941 1748 1125 1801 quamvis
1155 1748 1298 1790 multis
1334 1748 1486 1803 ingenii
1516 1748 1669 1792 doctri-

246 1832 401 1874 naeque
456 1821 677 1864 luminibus
732 1821 1052 1874 frequentatum:
1103 1821 1348 1875 simulatque
1396 1822 1667 1876 interpolatur

245 1892 481 1947 languidum
528 1894 577 1936 fit
630 1895 672 1937 et
725 1893 867 1949 friget,
923 1893 1051 1935 divini
1097 1892 1249 1949 ingenii
1299 1906 1420 1936 cursu
1468 1891 1581 1949 velut
1600 1907 1666 1936 re-

245 1966 449 2009 tardat0.“
466 1991 525 1997 —-

379 2039 532 2082 Versus
567 2043 616 2082 17
636 2065 692 2070 —-
713 2042 761 2083 19
786 2039 900 2101 >haud
929 2039 1049 2083 dubie
1069 2039 1370 2094 interpolatoris
1388 2051 1552 2082 manum
1571 2050 1665 2095 pro-

246 2111 366 2163 dunt,
413 2112 561 2167 quippe
609 2126 777 2168 quorum
828 2126 936 2172 cum¹
970 2113 1231 2168 sequentibus
1279 2123 1404 2155 nexus
1441 2113 1497 2155 sit
1528 2112 1666 2155 nullus

248 2185 343 2237 (non
371 2185 505 2238 potuit
534 2186 676 2229 eadem
706 2199 792 2239 res,
823 2186 946 2229 boum
966 2186 1119 2228 furtum
1133 2217 1145 2237 ‚
1174 2184 1340 2241 adJungi
1361 2186 1494 2227 verbis
1525 2182 1571 2234 ὅς
1597 2186 1666 2226 καὶ

245 2272 280 2298 κ.
310 2257 440 2311 τ.’λ.);
508 2259 663 2301 Versus
690 2259 751 2302 χ17
782 2261 904 2314 vulgo
934 2259 1103 2313 legitur:
1161 2253 1295 2313 ,ἠῷος
1336 2256 1511 2313 γεγονώς
1548 2260 1664 2312 μέσῳ

246 2325 373 2383 ἤματι
401 2326 666 2386 ἐγκιθάριζεν.
712 2332 1055 2383 Schneidewinus,
1085 2343 1204 2384 quem
1236 2331 1402 2373 verbum
1422 2331 1662 2374 inusitatum

247 2392 501 2456 ἐγκιθάριζεν
530 2405 703 2456 vexavit,
728 2404 893 2457 scripsit
910 2403 1190 2459 μεσσημάτιος
1217 2403 1438 2459 κιθάριζεν,
1465 2416 1545 2457 qua
1572 2415 1664 2445 mu-

246 2474 399 2516 tatione
429 2487 525 2518 num
556 2477 653 2530 quid
682 2478 898 2533 profecerit
928 2478 1089 2530 dubito,
1122 2477 1309 2531 quoniam
1341 2477 1466 2520 etiam
1492 2476 1665 2529 ‹vocabu-

246 2549 332 2590 lum
360 2547 637 2604 μεσσημάτιος
666 2552 778 2594 nullo
808 2552 896 2592 loeo
925 2551 1138 2604 reperitur.
1177 2550 1221 2592 Si
1251 2551 1340 2606 quis
1369 2550 1529 2593 omnino
1559 2550 1665 2591 hunc

386 2705 409 2750 ¹)
434 2703 503 2739 cfr.
529 2704 667 2741 Ruhnk.
692 2688 815 2752 opusc.
841 2705 964 2747 vol'IL
988 2717 1021 2750 p.
1047 2707 1123 2741 572.
