1967 3105
841 218 850 243 x
967 217 1029 263 30

282 360 420 391 merus
450 349 580 391 utitur
609 348 700 404 (cfr.
731 351 833 403 κῆρα
862 349 935 390 aut
962 346 1102 401 θυμὸν
1130 345 1339 402 ἄλεείνειν)
1370 350 1601 404 corruptela
1619 364 1709 394 eer-

284 425 326 464 te
356 421 493 476 posita
522 434 601 464 non
631 425 712 472 est,
744 424 787 464 at
815 421 859 464 iu
898 418 1055 463 ἑαυτόν.
1132 420 1284 464 Iccirco
1315 420 1488 465 Stellius
1504 423 1709 466 emenda·
1765 454 1768 457 -

285 495 345 536 vit
375 490 553 535 ἀλέεινεν
581 489 756 544 ἄνακτα,
787 493 895 548 quod
920 493 1018 536 ferri
1048 493 1213 547 quidem
1242 505 1362 549 posse
1390 505 1470 536 uon
1499 506 1712 550 negamus,

284 567 358 610 sed
388 567 465 609 hoc
492 566 582 621 ipso
611 567 700 610 loco
730 568 774 608 et
802 565 972 609 Stollius
1021 567 1064 608 et
1106 566 1252 621 reliqui
1295 566 1539 619 interpretes
1568 579 1712 621 parum

285 639 551 693 respexerunt
580 651 724 682 versus
753 638 1043 692 praecedentes
1069 637 1188 689 duos,
1220 638 1291 692 qui
1325 638 1498 692 primam
1548 651 1712 695 compa·

285 712 456 754 rationis
482 713 641 765 partem
677 711 907 753 continent:
940 710 1046 752 sicut
1069 710 1177 753 enim
1197 710 1310 766 *ignis
1330 710 1442 753 fun'io
1472 710 1645 763 velatur,
1667 713 1714 754 ut

289 783 463 826 nitorem
500 784 824 827 animadvertere
873 794 1069 839 nequeas,
1101 783 1161 827 ita
1207 783 1434 826 Mercurius
1484 783 1621 827 fasciis
1670 797 1715 827 se

286 856 471 899 involvit.
532 856 719 899 Tertium
749 857 1064 912 comparationis
1094 857 1273 910 positum
1298 858 1367 898 'est
1395 857 1437 898 in
1469 856 1596 899 densa
1644 870 1714 900 ve-

286 929 455 981 latione,
489 929 561 972 sed
590 929 669 973 huc
699 930 813 973 nulla
840 929 973 973 adhuc
1002 930 1231 973 emendatio
1259 929 1301 972 in
1332 941 1452 972 versu
1483 930 1565 972 239
1595 941 1714 985 spec-

285 1004 369 1053 tat;
400 1002 589 1056 equidem
619 1003 837 1057 legendum
867 1015 1045 1058 propono
1073 1015 1252 1045 versum:
1657 1025 1688 1033 a

489 1090 553 1131 ‚ffel
572 1089 697 1136 Ἐρμῆς
718 1091 896 1137 Ἑκάεργον
919 1088 1001 1125 Idu»
1024 1090 1172 1126 ἀλέεινεν
1196 1090 1324 1131 ἐει’σω,“

285 1182 364 1222 quo
415 1182 538 1212 sensu
583 1169 718 1212 verbis
766 1169 864 1211 εἴσω
907 1166 1101 1221 ᾇλεείνειν
1129 1171 1261 1213 utitur
1291 1171 1426 1226 Apoll.
1476 1171 1604 1213 Rhod.
1639 1172 1714 1220 ΙΙΙ,

287 1244 383 1285 650.
421 1267 465 1272 -

421 1316 576 1359 Versus
606 1317 684 1358 241
719 1318 762 1358 et
793 1319 874 1359 242
905 1317 1064 1359 codices
1095 1317 1256 1372 legunt:

485 1403 551 1449 ,,δὴ
574 1405 619 1450 ῥα
640 1405 842 1447 νεόλλουτος,
865 1405 1137 1452 προκαλεύμενος
1159 1404 1290 1452 ἥδυμον
1318 1406 1425 1441 ἴπνον

484 1461 610 1507 ,ῥίγρησ
632 1459 776 1505 εἰνέτεόν
797 1474 832 1496 τε
856 1461 951 1504 χέλυν
975 1462 1042 1496 ὑπὸ
1063 1462 1221 1507 μασχάλῃ
1246 1462 1352 1504 εἶχε,“

286 1544 356 1596 qui
388 1556 512 1598 quum
543 1543 724 1597 corrupti
754 1542 854 1592 sint,
897 1542 1151 1585 multimodis
1202 1543 1446 1585 coniecturis
1495 1543 1628 1585 vexati
1676 1544 1719 1585 et

286 1616 482 1670 exagitati
512 1617 626 1667 sunt,
659 1615 786 1658 donec
815 1614 1085 1665 Matthiaeus,
1117 1616 1413 1657 ut·sententias
1440 1617 1721 1658 controversas

288 1689 444 1740 finiret,
467 1702 579 1732 more
601 1681 795 1732 consueto
815 1689 951 1731 locum
979 1689 1182 1743 expunxit.
1244 1688 1356 1741 Quae
1382 1701 1570 1743 magnam
1594 1689 1720 1730 offen-

286 1763 440 1806 sionem
474 1762 671 1816 praebent
700 1762 798 1804 sunt
828 1761 952 1805 haec:
982 1761 1160 1816 primum
1180 1761 1422 1817 particulam
1449 1759 1498 1817 δή
1513 1761 1720 1804 rarissime

286 1836 327 1877 in
357 1837 475 1878 initio
510 1836 606 1889 poni
643 1835 822 1884 constat;
856 1835 1000 1877 deinde
1043 1835 1250 1889 genitivus
1300 1831 1426 1890 ἄγρης
1474 1848 1552 1897 non
1598 1834 1722 1877 habet

287 1908 392 1950 unde
414 1909 608 1963 pendeat;
629 1908 802 1962 denique
823 1907 1066 1951 vocabulum
1085 1906 1258 1950 εἰνέτεον
1277 1908 1383 1962 quod
1398 1908 1518 1951 modo
1538 1900 1722 1951 uno'loco

287 1981 396 2038 apud
429 1975 668 2027 Callimach.
700 1980 853 2035 (hymn.
899 1981 941 2024 in
989 1980 1108 2024 Dian.
1154 1993 1192 2023 v.
1229 1980 1320 2033 14),
1366 1993 1565 2036 nusquam
1614 1980 1722 2036 apud

286 2056 428 2109 poetas
450 2051 707 2109 'antiquiores
750 2054 965 2111 reperitur,
1017 2054 1274 2097 coniunctum
1299 2066 1413 2097 ⁴cum
1461 2067 1558 2098 voce
1605 2053 1722 2106 χέλυν

287 2141 451 2170 sensum
479 2127 605 2169 habet
633 2140 800 2183 prorsus
844 2127 1014 2171 nullum.
1027 2128 1053 2182 ¹)
1112 2128 1246 2171 Hasce
1291 2128 1543 2182 corruptelas
1592 2127 1721 2183 deque

278 2201 541 2255 ‘ingenuitate
567 2201 710 2243 horum
737 2193 926 2243 versuum
956 2201 1230 2258 dubitationes
1256 2201 1467 2256 ingeniosa
1496 2201 1722 2243 Hermanni

289 2275 522 2317 coniectura
552 2274 747 2323 removit;
779 2274 994 2329 legendum
1027 2275 1158 2316 suasit
1187 2272 1248 2329 φή
1295 2286 1368 2329 pro
1398 2271 1484 2329 625²)
1515 2275 1558 2316 et
1604 2272 1720 2314 initio

429 2385 450 2429 ¹)
478 2385 544 2419 Vix
568 2385 752 2429 quisquam
776 2384 901 2429 probet
925 2385 1116 2420 versionem
1144 2385 1311 2429 Ernestii:
1342 2385 1470 2430 quippe
1494 2394 1605 2429 nuper
1628 2383 1720 2418 lotus

288 2458 476 2492 procurans
508 2445 645 2482 dulcem
676 2457 834 2481 somnum
865 2447 900 2491 (a
923 2447 1120 2492 venatione)
1154 2449 1395 2492 recentemque
1420 2444 1633 2482 testudinem
1657 2444 1720 2480 sub

288 2509 345 2544 ala
372 2508 555 2550 tenebat;“
589 2519 670 2544 nam
700 2519 808 2554 quum
837 2509 911 2553 ipse
940 2508 985 2544 ad
1009 2508 1146 2544 callim.
1172 2508 1195 2544 1.
1220 2508 1244 2544 l.
1285 2507 1406 2544 doceat
1435 2518 1556 2545 vocem
1579 2505 1722 2544 εἱνὲτεον

288 2581 361 2605 esse
385 2575 633 2612 ,‚novennem,“
657 2571 743 2605 scire
768 2571 873 2616 velim
898 2583 965 2616 quo
988 2570 1072 2607 iure'
1088 2572 1135 2606 sit.
1160 2576 1336 2612 „recens.“
1360 2591 1402 2596 —-

426 2638 452 2683 ¹)
476 2637 657 2674 Particula
679 2637 730 2683 φή
752 2648 815 2683 pro
838 2635 883 2682 δή
905 2638 999 2674 idem
1022 2639 1199 2685 siguificat
1221 2640 1327 2684 atque
1351 2637 1396 2677 ὡς
1418 2638 1481 2674 cfr.
1506 2637 1597 2673 Hom
1621 2636 1661 2672 11.
1687 2639 1723 2682 β.

293 2702 372 2736 144:
405 2703 454 2746 φὴ
477 2701 619 2748 κύματα.
666 2701 719 2736 De
749 2705 892 2736 accentu
921 2704 1022 2735 acuto
1049 2711 1110 2746 pro
1140 2700 1357 2736 circumflexo
1392 2699 1586 2745 disputavit
1616 2698 1722 2733 Butt-

289 2774 436 2797 mannus
461 2763 495 2797 iu
523 2763 630 2798 Lexil.
656 2764 681 2803 Ι,
707 2764 783 2803 240,
809 2763 869 2807 qui
889 2763 1095 2808 particulam
1109 2764 1212 2807 putat
1229 2772 1301 2797 esse
1326 2761 1568 2797 correlativam
1593 2759 1637 2795 ad
1660 2761 1721 2803 πῆ.
