1967 3105
915 230 974 277 33

199 354 202 358 ”
236 379 430 425 pergere:
463 361 487 406 ὅ
513 364 589 419 μὲν
616 363 817 419 νημέρτεᾱ
841 358 982 419 φωνὴν
1005 378 1041 404 κ.
1071 376 1107 403 τ.
1133 361 1169 403 λ.
1228 392 1238 402 .
1296 393 1305 403 .
1365 395 1375 405 .
1434 359 1458 403 ὁ
1485 361 1531 404 δὲ
1557 360 1661 418 ἤθε-

235 441 306 484 λεν
336 437 568 492 ἐξαπατᾶν,
597 435 669 478 sed
697 435 792 478 hnic
811 435 1068 490 simplicitatl
1089 434 1357 491 interpolator
1383 434 1451 478 vel
1469 435 1659 478 librarius

236 525 372 558 socors
392 509 679 554 anacoluthum
699 507 886 563 praefert,
905 521 983 562 quo
1018 520 1114 550 vero
1134 508 1388 551 miseriorem
1420 508 1462 549 et
1480 508 1654 561 ineptio-

234 575 322 629 rem
355 582 550 628 conficere
589 580 699 622 certe
737 593 818 622 non
857 581 1001 634 potuit.
1079 580 1136 622 Et
1175 580 1273 634 quid
1308 591 1459 635 quaeso
1490 579 1652 635 poetam

235 658 365 711 movit
411 664 574 699 narrare
619 652 724 707 quod
768 652 851 696 iam
885 664 1006 708 supra
1040 653 1140 696 satis
1183 665 1383 708 superque
1418 652 1656 705 explicavit.

233 728 467 782 Apollinem
482 725 699 768 Mercurio<
723 725 922 779 petulanti
944 725 1097 781 frustra
1134 726 1385 780 persuasisse
1407 726 1477 774 ut,
1515 736 1656 766 verum

235 801 463 844 fateretur?
530 797 623 840 Non
658 796 798 839 dubito
828 798 986 839 314—
1005 798 1088 839 319
1127 809 1295 852 prorsus
1317 809 1339 839 e
1377 797 1495 839 textu
1524 807 1657 838 remo-

239 883 331 916 vere
353 884 431 914 non
451 870 570 913 modo
591 869 642 912 ob
664 870 896 912 universum
912 869 991 911 loci
1023 868 1227 920 habitum,
1258 868 1330 911 sed
1350 869 1478 911 etiam
1500 869 1551 910 ob
1572 869 1683 911 sina--v

241 944 338 1002 gula
386 943 510 986 verba
539 942 689 998 inepta.
740 942 806 984 Ita
824 941 1015 984 Mercurii
1050 941 1259 996 epitheton
1289 939 1424 983 οἷοπά
1445 941 1518 992 λος
1548 942 1589 984 in
1618 958 1654 984 υ.

235 1014 319 1061 314
360 1029 426 1059 me
469 1017 649 1065 vexavit,
705 1015 790 1057 sive
838 1015 1152 1069 interpretamur
1189 1016 1414 1065 „solitariis
1453 1016 1554 1057 locis
1608 1016 1649 1057 in

236 1102 400 1132 versans
452 1089 546 1142 (quo
596 1100 719 1130 sensu
745 1118 747 1121 f
772 1087 900 1130 semel
950 1087 1058 1142 apud
1103 1086 1327 1130 Pindarum
1379 1089 1482 1143 epin.
1534 1088 1654 1142 Pyth.

237 1162 314 1211 IV,
350 1173 386 1211 v.
420 1163 494 1210 28,
533 1172 754 1213 numquam
799 1160 842 1200 in
889 1160 1058 1201 Homeri
1104 1159 1352 1202 carminibus
1401 1160 1553 1209 exstat,
1588 1161 1659 1214 qui

234 1233 352 1276 modo
382 1233 431 1275 de
467 1232 701 1288 regionibus
740 1233 839 1276 dicit
881 1230 1088 1282 οἰοπόλος,
1111 1233 1157 1274 ut
1196 1233 1239 1288 in
1274 1232 1391 1275 Iliad.
1421 1247 1461 1283 ν,
1497 1246 1534 1274 v.
1556 1233 1661 1282 473;

192 1300 198 1302 ⁷
235 1320 271 1361 ρ,
294 1307 366 1355 54;
396 1319 432 1356 τ,
476 1305 578 1354 377;
624 1319 678 1356 ω,
701 1304 821 1359 664),
851 1304 936 1347 sive
967 1305 1130 1356 „ovium
1170 1307 1353 1355 custos“‚
1384 1317 1477 1366 nam
1526 1303 1660 1348 ovium

237 1391 333 1421 cura
358 1378 519 1420 demum
540 1377 646 1420 infra
681 1378 737 1432 (v.
760 1377 860 1431 570)
889 1378 927 1420 ei
947 1377 1233 1428 committitur;
1255 1378 1443 1420 neutrum
1477 1378 1528 1419 ad
1562 1391 1659 1431 nes-

240 1452 347 1494 trum
381 1449 515 1493 locum
548 1450 732 1505 quadrat.
763 1450 920 1493 Deinde
958 1463 995 1494 v.
1010 1451 1099 1504 ,316
1120 1451 1426 1494 Baumeistems
1459 1450 1495 1493 si
1539 1464 1660 1505 quem

244 1514 371 1565 'alium
406 1535 431 1565 a
460 1523 751 1565 consuetudine
782 1523 986 1577 epicorum
1026 1522 1201 1565 alienum
1235 1523 1379 1579 putat,
1408 1510 1582 1580 „quippe
1620 1525 1662 1565 in

244 1609 322 1650 quo
359 1597 580 1638 narrationi
616 1596 894 1638 immisceatur
945 1597 1072 1650 ipsius
1119 1597 1263 1650 poetae
1311 1597 1523 1647 iudicium,
1556 1597 1662 1651 quod

243 1668 472 1709 continetur
508 1666 642 1709 verbis
673 1663 773 1718 „013ae
798 1664 988 1717 ἀδίκως“.
1050 1667 1184 1721 Quum
1219 1669 1360 1710 autem
1389 1682 1413 1711 a
1443 1681 1487 1711 se
1531 1669 1663 1723 irnpe-

241 1741 350 1782 trare
380 1752 459 1782 non
489 1742 630 1794 posset
658 1753 821 1800 versum
851 1741 937 1783 sine
966 1741 1052 1783 ulla
1082 1741 1270 1784 iunctura
1299 1754 1393 1783 cum
1420 1741 1663 1796 praeceden-

243 1812 354 1854 tibus
382 1811 560 1865 positum
596 1814 800 1868 relegare,
842 1813 1014 1857 coniecit
1050 1810 1249 1863 ἐκδεόαώς
1286 1826 1357 1869 pro
1393 1809 1466 1854 οἰκ
1498 1809 1661 1867 ἆὸικώς,

247 1883 354 1937 quod
383 1886 517 1926 autem
548 1886 726 1928 omnium
758 1886 873 1928 codd.
905 1886 1071 1929 lectioni
1099 1885 1235 1929 obstat
1264 1898 1393 1940 neque
1422 1886 1664 1929 sententiam

243 1956 383 2006 tritam
412 1958 618 2007 exturbat,
650 1958 745 2012 quin
791 1958 915 2001 etiam
935 1958 1115 2007 taedium
1152 1960 1290 2001 movet
1318 1959 1417 2002 haec
1457 1959 1662 2015 repetitio:

187 2068 195 2073 ,
241 2026 311 2069 ille
340 2030 507 2083 propter
536 2031 658 2073 boves
689 2031 884 2085 corripuit
911 2021 1187 2074 Mercurium“
1198 2063 1209 2081 ‚
1240 2044 1333 2074 nam
1368 2032 1461 2086 quis
1501 2032 1565 2074 est
1593 2032 1660 2085 qui

245 2099 399 2142 nesciat
419 2101 652 2156 Apollinem
682 2104 923 2159 auguratum
944 2104 987 2147 et
1014 2103 1152 2160 paullo
1181 2105 1276 2158 post
1302 2104 1355 2159 (v.
1389 2105 1472 2147 254
1490 2104 1662 2158 ——259)

244 2171 282 2213 ei
310 2173 519 2216 minatum
545 2188 658 2227 esse,
704 2189 794 2219 sese
820 2177 1066 2220 Mercurium
1109 2178 1153 2220 ni
1194 2177 1349 2220 furtum
1395 2177 1594 2220 fateretur
1621 2177 1664 2218 in

157 2309 161 2310 ⁷
240 2239 454 2288 Tartarum
484 2246 733 2292 deiecturum
762 2261 865 2292 esse.
924 2249 1105 2293 Verbum
1134 2248 1361 2303 λάζυσθαι,
1393 2249 1499 2307 quod
1525 2249 1662 2292 Elms-

244 2315 349 2357 leius
375 2316 607 2361 Atticorum
636 2323 843 2376 proprium
881 2335 972 2364 esse
1021 2322 1228 2364 contendit
1258 2323 1347 2377 (cfr.
1378 2323 1519 2376 Eurip.
1563 2323 1660 2364 Her.

241 2387 317 2429 fur.
376 2400 413 2431 v,
443 2391 546 2445 9033
567 2391 714 2436 Bacch.
737 2408 774 2437 v.
807 2395 906 2449 503)
933 2395 1042 2449 apud
1061 2392 1285 2437 Homerum
1309 2407 1389 2437 non
1414 2395 1564 2444 exstat,
1592 2394 1661 2448 qui

240 2459 390 2502 formas
419 2461 545 2504 habet
589 2477 613 2507 a
641 2465 819 2521 λάζομαι
859 2467 1083 2518 derivatam,
1115 2468 1162 2510 ut
1190 2467 1233 2510 in
1262 2467 1377 2510 Iliad.
1404 2469 1454 2521 β,
1481 2482 1514 2510 ν.
1564 2468 1660 2516 4.18;

241 2529 283 2583 ὁ,
316 2533 491 2584 v.;357
521 2537 580 2588 θ,
612 2541 848 2583 v..389-—

192 2609 196 2612 '
291 2627 295 2631 ν
380 2604 532 2661 Magno
560 2569 728 2655 deorum
757 2614 844 2656 risu
869 2613 1018 2669 Apollo
1049 2615 1091 2657 et
1119 2613 1343 2672 Mercurius
1373 2615 1416 2658 in
1446 2613 1663 2675 Olympum

241 2678 481 2732 perveniunt
522 2693 548 2724 a
595 2684 690 2727 Iove
742 2685 829 2729 litis
875 2686 1211 2742 disceptationem
1264 2687 1446 2742 petituri.
1514 2687 1662 2742 Apollo

241 2762 363 2804 quem
390 2751 546 2805 Iupiter
575 2755 810 2802 exhortatus
836 2760 899 2802 est
927 2760 974 2802 nt
1001 2760 1110 2815 prior
1147 2760 1244 2814 quid
1281 2760 1406 2804 vellet
1434 2761 1661 2813 exponeret.
