1967 3105
935 196 994 242 23

248 336 336 376 σου
367 341 550 387 possum,
578 341 707 382 quum
738 327 839 370 alias
868 328 909 371 in
941 318 1401 371 carmineinveniantur
1426 331 1566 370 'versus
1595 327 1675 370 huc

255 404 507 461 pertinentes
529 401 597 457 qui
626 400 793 444 minime
813 401 1146 456 *interpolationis
1176 414 1272 457 prae
1305 414 1371 443 se>
1398 396 1534 443 ferunt
1581 412 1675 454 spe-

248 478 351 521 ciem
383 477 426 519 et
450 475 504 523 ab
532 473 765 517 Hermanno
794 473 916 517 nimis
936 474 1128 517 audacter
1146 487 1218 530 pro
1241 473 1389 530 spuriis
1419 472 1549 516 habiti
1569 474 1680 515 sunt.

248 550 393 597 Placet
422 547 541 591 mihi
579 546 795 590 'sententia
823 539 1013 598 Frankii‚
1065 547 1135 601 qui
1184 560 1253 590 ωε
1290 559 1430 590 versus
1460 545 1677 595 interiisse,

253 624 414 673 censet,
463 619 611 676 quibus
669 619 799 674 poeta·
834 619 946 662 illam
999 633 1085 662 rem
1133 620 1408 676 descripserat
1445 633 1519 675 pro
1548 619 1677 674 iisqne

255 695 464 739 librarium
515 693 558 736 id
579 692 687 747 quod
706 693 949 736 narrationis
975 694 1157 736 ordinem
1185 692 1393 747 postulare
1413 691 1683 745 intellexisset

252 779 326 811 suo
345 766 480 809 Marte
505 765 773 814 restituisse“,
804 766 830 807 i.
862 777 895 807 e.
918 778 1057 808 versus
1090 770 1141 809 77
1174 769 1216 808 et
1247 769 1324 816 78,
1356 766 1424 819 qui
1457 778 1554 817 sane
1582 777 1677 820 prae

261 840 409 883 ceteris
439 838 699 882 offensionem
720 839 885 880 movent
909 852 988 881 non
1018 839 1137 882 modo
1169 840 1218 881 ab
1252 838 1473 881 orationem
1510 838 1575 880 vix
1620 838 1681 880 fe-

256 912 421 955 rendam
438 945 447 960 ,
480 911 554 954 sed
575 910 697 953 etiam
719 911 814 965 quia
843 911 966 954 verba
985 909 1119 964 „nard
1146 906 1364 964 δ’ἔιιπαλιν
1378 906 1504 960 ducos
1521 908 1681 963 swam&

253 996 419 1040 prorsus
449 984 681 1038 repugnant
710 995 831 1026 versu
861 986 956 1026 211.
987 984 1161 1026 Frankio
1188 996 1377 1033 assensus
1398 985 1462 1026 est
1491 983 1682 1025 Baumei·

254 1058 388 1113 sterus
407 1089 417 1107 ‚
450 1056 518 1111 qui
551 1068 628 1098 non
659 1055 882 1106 dubit-avit,
912 1056 1012 1098 duos
1043 1057 1137 1099 illos
1170 1069 1311 1099 versus
1343 1058 1455 1098 textu
1485 1053 1681 1110 relegare.

256 1130 403 1180 Recte3
435 1129 567 1184 qualis
597 1129 704 1172 enim
735 1128 859 1172 dictio
889 1131 960 1173 est*
981 1126 1083 1183 ,βὰς
1112 1128 1297 1185 πρόςθεν
1343 1127 1478 1179 {inaug
1507 1126 1683 1178 ὄπιςθεν

258 1208 402 1244 ποιεῖν.
413 1202 439 1255 “)
498 1201 707 1244 Librarius
738 1203 915 1245 Moscov.
950 1202 1137 1245 vitiosam
1168 1203 1270 1244 hanc
1313 1203 1558 1257 scripturam
1588 1214 1681 1244 sen-

259 1275 364 1317 sisse
393 1275 553 1317 videtur
582 1278 624 1317 et
651 1287 724 1328 pro
755 1274 940 1330 πρόσθεν
963 1275 1126 1330 scripsit
1156 1274 1326 1330 πρώτας
1342 1308 1351 1324 ,
1383 1275 1489 1328 quod
1520 1275 1683 1329 quidem

259 1347 476 1400 aliquando
508 1346 654 1389 melius
683 1348 819 1389 tamen
850 1348 931 1389 dici
960 1360 1039 1390 non
1070 1349 1217 1402 potest.
1277 1348 1429 1389 Eiectis
1466 1347 1593 1401 igitur
1621 1347 1686 1388 his

259 1418 446 1461 versibus
473 1431 551 1461 non
582 1420 702 1462 modo
731 1419 845 1462 locus
875 1419 1143 1463 difficillimus
1174 1421 1340 1461 sanatur
1370 1419 1440 1462 sed
1462 1419 1527 1462 vel
1557 1419 1685 1461 oratio

182 1516 193 1527 ο
257 1492 325 1533 est
353 1491 578 1547 elegantior
616 1492 658 1534 et
705 1492 829 1546 digna
871 1493 1006 1535 vetere
1035 1494 1167 1546 poeta.
1228 1492 1362 1534 Verba
1391 1490 1559 1546 ,ῥολιής
1600 1483 1711 1532 δὀὐ

261 1563 417 1618 λήθετο
443 1566 607 1621 τέχνης“
634 1566 845 1626 referenda
872 1566 968 1608 sunt
997 1565 1048 1608 ad
1078 1565 1349 1608 calceamenta
1368 1564 1558 1615 mirifica
1570 1577 1705 1619 quae—

263 1636 490 1680 Mercurius
520 1651 541 1680 e
573 1638 762 1694 virgultis
790 1637 869 1681 sibi
897 1637 1046 1681 fecit.
1032 1662 1075 1667 -
1138 1626 1394 1680 Hermannus
1424 1637 1548 1680 etiam
1592 1649 1686 1680 ver-

263 1722 354 1752 sum
392 1690 692 1766 79⁸⁸1elegavit
741 1713 887 1767 quippe
936 1724 1026 1754 cum
1075 1710 1259 1754 codicum
1307 1711 1430 1753 lectio
1479 1709 1688 1760 „odvdala

198 1800 204 1806 ·
262 1777 435 1824 d'mivln’
459 1780 603 1840 έριψεν
635 1780 706 1825 ἐπὶ
730 1782 958 1839 ψαμάθοις
987 1779 1174 1848 ιιῖλίῃσιιἰι
1216 1760 1406 1837 corrupta
1453 1783 1572 1825 esset.
1633 1783 1690 1825 Et

265 1848 474 1908 profecto·
505 1856 541 1898 si
561 1857 736 1911 legimus
766 1854 910 1911 ἕριψεν
939 1869 1079 1898 versus
1110 1859 1163 1899 79
1194 1856 1306 1898 nullo
1336 1856 1454 1898 modo
1482 1869 1575 1898 cum
1620 1869 1687 1898 se-

264 1927 407 1980 quenti
436 1928 645 1980 cohaeret,
676 1929 815 1983 itaque
844 1929 1063 1979 mutandus
1104 1928 1264 1972 videtur
1293 1929 1352 1972 ita
1371 1929 1419 1970 ut
1438 1928 1612 1983 protasis
1633 1928 1690 1971 sit

268 2010 408 2041 eorum
439 2013 543 2054 quae
563 2003 788 2055 sequuntur
808 1988 1033 2044 verborum.
1093 2002 1248 2043 Idcirco
1265 1984 1495 2042 Mathiaeus
1517 2001 1689 2042 coniecit

268 2069 436 2128 ἕραψεν,
453 2074 561 2129 quod
581 2086 677 2118 vero
689 2075 860 2130 probare
880 2085 959 2117 non
975 2086 1192 2129 possumus
1205 2086 1330 2128 quum
1345 2070 1441 2127 ,,ἒπὶ
1465 2071 1688 2127 ψαμάθοις

245 2146 247 2148 ’
264 2140 588 2200 ἆλίῃσιν“οῒίοεα
600 2148 748 2190 essent.
762 2146 920 2188 Vitium
930 2146 1206 2199 quaerendum
1217 2158 1306 2189 esse
1322 2147 1364 2187 in
1378 2159 1474 2188 voce
1491 2142 1686 2198 „mirim-

264 2216 365 2259 bene
394 2218 618 2262 declaravit
648 2219 974 2263 Schneidewinus
1009 2219 1077 2274 qui
1107 2219 1211 2274 legit
1235 2217 1444 2270 ,,σάνὸαλα
1482 2211 1603 2259 δαῖτ’
1623 2215 1688 2272 ἕρ-

263 2292 413 2343 ριψεν“
442 2291 598 2334 ratione
628 2291 769 2335 habita
797 2291 983 2334 lectionis
1012 2290 1162 2334 codicis
1202 2289 1439 2340 Florentini,
1471 2290 1539 2345 qui
1566 2302 1687 2344 prae-

264 2361 352 2404 bet:
411 2361 593 2412 σάνδαλα
630 2359 822 2420 κ’ἔριψεν,
860 2364 965 2408 unde
995 2363 1320 2408 Schneidewinus
1356 2364 1464 2406 recte
1508 2362 1686 2418 collegit.

265 2433 372 2483 libri,
404 2447 524 2489 quem
552 2437 672 2480 huius
703 2436 853 2480 codicis
875 2437 1048 2491 scriptor
1077 2437 1241 2481 secutus
1257 2438 1333 2487 est.
1365 2436 1582 2479 lectionem
1607 2448 1686 2478 nou

408 2608 431 2651 ¹)
455 2608 535 2643 Non
559 2610 803 2654 praetermitto
826 2609 974 2645 Prelleri
996 2604 1032 2645 in
1045 2609 1196 2656 Mythol.
1219 2620 1271 2655 gr.
1295 2609 1363 2645 vol.
1380 2610 1406 2650 Ι,
1419 2619 1452 2654 p.
1476 2608 1546 2644 300
1568 2609 1687 2649 annot,

268 2667 297 2699 l.
322 2667 588 2711 explicationem
622 2674 870 2707 monstrosam:
895 2671 1087 2714 ..nachdem
1126 2683 1163 2706 er
1203 2671 1307 2706 ihnen
1349 2670 1403 2706 die
1429 2668 1689 2705 Vorderklanen

265 2726 388 2763 hinten
411 2730 482 2766 und
506 2731 561 2767 die
586 2733 726 2769 hintern
753 2746 857 2788 verne
882 2726 1015 2780 gese'tzt.
1038 2735 1170 2770 hatte.“

470 2894 508 2918 ’ἢ
