1967 3105
1006 195 1018 226 ι
1082 199 1084 202 ⁴

295 318 544 375 ,ξ’[ππαρχός
572 326 617 360 τε
647 316 692 369 ἐξ
716 314 1006 373 ὑπολήψεως.“
1042 313 1180 375 Quam
1215 312 1476 360 sententiam
1502 312 1720 373 praeferat

297 421 374 467 pro
393 404 662 465 suaquisque
681 399 1022 465 optionevideasst.
1050 403 1347 451 'Ceterumhoc
1366 404 1526 450 deloco
1545 396 1720 451 uberius

298 494 505 544 disseruit
533 492 584 541 G.
604 476 944 541 Hermannusxin
974 481 1208 554 „Opuscul.
1229 493 1314 540 vol.
1334 493 1384 552 V,
1403 507 1444 554 p.
1483 495 1719 553 300-seq.“

436 585 570 632 Errat
604 582 831 630 Nitschius
876 582 950 642 qui
987 582 1113 629 modo
1157 582 1341 629 Iliadem
1383 584 1427 629 et
1469 583 1719 643 Odysseam‚

304 689 383 722 nec
420 688 520 720 vero
558 673 742 733 hymnos
778 686 805 718 a·
840 672 1070 732 rhapsodis
1106 672 1309 719 recitatos
1328 686 1423 719 esse
1459 671 1583 728 dicit3
1619 686 1721 720 nam

301 776 439 822 usque
476 762 529 808 ad
555 760 777 808 Pisistrati
813 762 1001 808 aetatem
1037 762 1117 808 sub
1153 759 1328 807 nomine
1355 760 1533 822 Homeri
1557 772 1720 808 omnes

297 852 471 900 scholae
506 849 671 901 ionicae
715 851 870 911 poetae
910 849 1292 913 amplexabantur,
1334 850 1493 910 quibus
1532 850 1719 911 oppositi

299 943 404 988 sunt
446 942 600 1001 poetae
642 954 665 987 e
707 940 857 987 schola
896 934 1078 987 Hesiodi
1125 939 1216 986 sive
1257 939 1472 988 Boeotica,
1559 940 1720 988 Poetae

250 1087 254 1090 ι
297 1030 549 1091 priusquam
590 1028 869 1089 rhapsodiam
905 1027 1098 1088 aliquam
1146 1043 1216 1077 ex.
1242 1027 1381 1075 Iliade
1422 1029 1491 1076 vel
1527 1029 1721 1089 Odyssea

298 1119 574 1180 desumptam
617 1120 770 1179 (quam
813 1119 933 1178 οὶζιιην
980 1118 1219 1179 vocabant)
1262 1117 1517 1176 recitarent,
1564 1132 1718 1179 prooe-

297 1208 431 1255 mium
463 1209 527 1254 ab
569 1207 678 1267 ipsis
730 1208 971 1264 confectum
1022 1208 1100 1255 aut
1151 1222 1177 1253 a
1225 1207 1442 1267 prior-ibus
1491 1208 1715 1266 tra-ditum,

299 1297 500 1344 mutilum
535 1311 640 1344 sane
676 1298 720 1344 et
754 1307 1063 1357 saepenumero
1100 1296 1327 1354 variatum,
1364 1297 1719 1357 praemittebant,

297 1386 413 1445 quod
449 1400 526 1445 pro
564 1389 821 1447 arg-umento
855 1385 1116 1445 rhapsodiae
1151 1388 1229 1433 aut
1263 1376 1333 1432 die
1357 1386 1469 1433 festo
1505 1387 1582 1433 aut
1616 1386 1720 1433 anni
1822 1451 1829 1454 „

298 1477 492 1534 tempore
528 1476 583 1522 ad
618 1487 790 1522 carmen
834 1475 1152 1521 decantandum
1194 1474 1464 1534 pertinebat;
1507 1474 1719 1522 eiusmodi
1798 1464 1801 1466 ’

296 1551 517 1624 prooemia
551 1564 728 1611 fuerunt
761 1562 910 1625 hymni
946 1562 1021 1623 qui
1066 1563 1269 1611 dicuntur
1303 1564 1538 1612 Homerici.
1615 1565 1716 1612 Car-

299 1652 418 1701 mina
452 1653 589 1715 igitur
614 1653 704 1713 ‘illa
737 1667 826 1701 non
858 1655 965 1701 sunt
1000 1653 1207 1715 opuscula
1240 1667 1318 1714 per
1353 1667 1399 1701 se
1436 1654 1638 1702 absoluta
1673 1656 1719 1702 et

300 1737 439 1801 finita,
464 1745 515 1789 ut
531 1743 721 1791 Wolfius
745 1743 791 1790 in
815 1743 1020 1805 Prolegg.
1039 1758 1081 1804 p.
1113 1746 1207 1790 150
1243 1744 1489 1791 luculenter
1513 1745 1719 1802 ostendit,

298 1832 372 1879 sed
420 1847 470 1880 eo
514 1832 697 1880 consilio
742 1833 1002 1893 composita,
1047 1836 1097 1881 ut
1131 1832 1186 1880 iis
1221 1833 1553 1893 praeluderetur
1587 1833 1719 1881 maio-

294 1904 415 1968 ribus
451 1922 737 1980 carminibus3
773 1923 857 1970 hac
891 1921 1060 1970 ratione
1079 1922 1212 1969 etiam
1249 1922 1494 1983 explicatur
1528 1923 1718 1971 omnium

294 2009 384 2058 fere
407 2011 622 2059 clausula:
654 2011 808 2071 ,,αὗτὰρ
843 2014 923 2070 ἐγώ
954 2016 1023 2057 καὶ
1057 2022 1142 2056 σεῖο
1171 2017 1240 2056 καὶ
1265 2003 1392 2071 ἄλλης
1418 2013 1594 2073 μνήσομ’
1626 2013 1716 2058 ἄοι-

293 2102 403 2158 δῆς,“
432 2101 519 2149 vel:
578 2109 674 2160 ,,σεῦ
702 2102 822 2161 δ’ἐγώ
851 2103 1076 2164 ἀρξάμενος
1107 2105 1393 2162 μεταβήσομαι
1421 2104 1546 2149 ἄλλον
1573 2104 1617 2156 ἐς
1640 2104 1718 2160 ὕμ-

292 2195 398 2248 ιόν,“
428 2191 517 2238 vel:
577 2191 733 2252 υαὐτὰρ
763 2194 866 2252 ἐγών
879 2192 1014 2251 ὑμέων
1043 2197 1184 2250 περκαὶ
1198 2192 1325 2254 ἄλλης
1352 2193 1526 2253 μνήσομ’
1552 2192 1719 2253 ἀοιδῆς-ι’

293 2279 418 2326 aliae.
532 2280 849 2330 Gravissimum
907 2283 1051 2330 autem
1117 2284 1422 2344 argumentum
1473 2276 1718 2330 sententiae

293 2368 443 2433 Wolfii
481 2370 669 2431 positum
707 2372 814 2442 mihi
834 2372 1024 2420 -videtur
1059 2371 1106 2419 in
1141 2372 1234 2420 loco
1270 2373 1389 2432 apud*
1420 2371 1716 2433 Thucydidem

216 2473 226 2482 ”
293 2459 323 2507 l.
359 2460 463 2518 HL·
478 2475 514 2509 c.
556 2464 663 2509 104:
723 2465 865 2522 ,,ὄηλοῑ
892 2464 937 2508 δὲ
970 2465 1148 2520 μ’άλιςτα
1164 2465 1346 2523 Ὅμηρος
1376 2462 1441 2507 ὅτι
1468 2468 1640 2508 τοιαῦτα
1668 2461 1716 2522 ἦν

292 2551 334 2594 ἐν
358 2560 447 2603 τοῖς
475 2552 592 2597 ἔπεσι
618 2553 766 2610 τοῖσδε,
795 2555 826 2598 ἅ
852 2554 961 2598 ἐστιν
989 2554 1033 2598 ἐκ
1067 2557 1289 2612 προοιμίου
1317 2551 1599 2611 Ἀιτόλλωνοδ)
1651 2567 1728 2599 se-.

292 2644 502 2700 quunturss
519 2656 669 2690 versus
710 2647 801 2691 165
827 2671 896 2680 —
923 2646 1016 2691 172
1053 2658 1109 2690 ex
1133 2643 1298 2704 hymno
1332 2641 1377 2689 in
1403 2634 1724 2702 Apollinem).“,

293 2729 378 2779 Sed
414 2730 458 2779 in
495 2747 673 2782 numero
709 2733 892 2797 triginta
929 2735 1116 2795 quatuor
1150 2732 1223 2793 qui
1250 2733 1429 2782 exstant
1456 2730 1719 2805 hymnorum¹
